timestamp;buyer;seller;symbol;currency;price;quantity
0;SUBMISSION;;GIFT_BASKET;SEASHELLS;69559;2
0;;;STRAWBERRIES;SEASHELLS;3984;6
0;;;CHOCOLATE;SEASHELLS;7750;8
0;SUBMISSION;;GIFT_BASKET;SEASHELLS;69560;14
0;SUBMISSION;;GIFT_BASKET;SEASHELLS;69561;30
100;;SUBMISSION;STARFRUIT;SEASHELLS;5006;7
100;;;STARFRUIT;SEASHELLS;5005;4
100;SUBMISSION;;GIFT_BASKET;SEASHELLS;69561;2
100;SUBMISSION;;AMETHYSTS;SEASHELLS;9998;1
100;SUBMISSION;;GIFT_BASKET;SEASHELLS;69563;2
100;SUBMISSION;;GIFT_BASKET;SEASHELLS;69562;10
200;;;ROSES;SEASHELLS;14422;2
300;;;STRAWBERRIES;SEASHELLS;3985;10
400;;;CHOCOLATE;SEASHELLS;7750;5
500;;SUBMISSION;AMETHYSTS;SEASHELLS;10000;1
800;SUBMISSION;;AMETHYSTS;SEASHELLS;9998;1
800;SUBMISSION;;STARFRUIT;SEASHELLS;5001;1
800;;;STARFRUIT;SEASHELLS;5001;1
800;;;CHOCOLATE;SEASHELLS;7750;5
900;;SUBMISSION;AMETHYSTS;SEASHELLS;10002;1
900;;;STRAWBERRIES;SEASHELLS;3985;9
1000;SUBMISSION;;AMETHYSTS;SEASHELLS;9996;7
1000;;;GIFT_BASKET;SEASHELLS;69511;7
1100;;SUBMISSION;AMETHYSTS;SEASHELLS;10002;4
1100;;;STRAWBERRIES;SEASHELLS;3984;5
1100;;;AMETHYSTS;SEASHELLS;10002;6
1300;;;STARFRUIT;SEASHELLS;5000;1
1300;SUBMISSION;;AMETHYSTS;SEASHELLS;9997;2
1300;SUBMISSION;;STARFRUIT;SEASHELLS;5001;2
1300;SUBMISSION;;AMETHYSTS;SEASHELLS;9998;1
1400;SUBMISSION;;STARFRUIT;SEASHELLS;5002;2
1500;;;STARFRUIT;SEASHELLS;5001;1
1800;;SUBMISSION;STARFRUIT;SEASHELLS;5003;3
1800;;;STARFRUIT;SEASHELLS;5003;2
2000;;;STRAWBERRIES;SEASHELLS;3983;4
2100;;;GIFT_BASKET;SEASHELLS;69508;9
2200;;SUBMISSION;AMETHYSTS;SEASHELLS;10002;1
2300;;;CHOCOLATE;SEASHELLS;7750;10
2500;;;STRAWBERRIES;SEASHELLS;3982;9
2500;;;ROSES;SEASHELLS;14432;5
2600;SUBMISSION;;STARFRUIT;SEASHELLS;5002;6
2600;SUBMISSION;;AMETHYSTS;SEASHELLS;9997;1
2600;SUBMISSION;;STARFRUIT;SEASHELLS;5002;1
2600;;;STARFRUIT;SEASHELLS;5001;1
2700;;;STRAWBERRIES;SEASHELLS;3983;5
2700;;;STRAWBERRIES;SEASHELLS;3984;9
2900;;;CHOCOLATE;SEASHELLS;7747;9
3000;SUBMISSION;;AMETHYSTS;SEASHELLS;9998;1
3000;;;STARFRUIT;SEASHELLS;5002;1
3200;SUBMISSION;;STARFRUIT;SEASHELLS;5004;5
3300;;SUBMISSION;STARFRUIT;SEASHELLS;5007;1
3300;;;ROSES;SEASHELLS;14447;4
3700;;;AMETHYSTS;SEASHELLS;9998;3
3700;;;STARFRUIT;SEASHELLS;5001;1
3800;;SUBMISSION;STARFRUIT;SEASHELLS;5006;2
3800;;SUBMISSION;AMETHYSTS;SEASHELLS;10004;2
3900;;;STARFRUIT;SEASHELLS;5006;1
3900;SUBMISSION;;AMETHYSTS;SEASHELLS;9998;1
3900;SUBMISSION;;STARFRUIT;SEASHELLS;5003;1
4100;;SUBMISSION;STARFRUIT;SEASHELLS;5005;1
4100;;;AMETHYSTS;SEASHELLS;10002;1
4100;;;STARFRUIT;SEASHELLS;5005;3
4300;SUBMISSION;;STARFRUIT;SEASHELLS;5002;1
4300;SUBMISSION;;STARFRUIT;SEASHELLS;5002;4
4300;SUBMISSION;;AMETHYSTS;SEASHELLS;9997;1
4500;SUBMISSION;;STARFRUIT;SEASHELLS;5002;1
4600;;;CHOCOLATE;SEASHELLS;7745;8
4700;;;STRAWBERRIES;SEASHELLS;3982;6
4900;;;CHOCOLATE;SEASHELLS;7745;5
5000;;SUBMISSION;STARFRUIT;SEASHELLS;5007;1
5100;SUBMISSION;;STARFRUIT;SEASHELLS;5003;8
5100;;SUBMISSION;ORCHIDS;SEASHELLS;1089;4
5200;;SUBMISSION;STARFRUIT;SEASHELLS;5006;5
5300;SUBMISSION;;STARFRUIT;SEASHELLS;5003;7
5300;SUBMISSION;;AMETHYSTS;SEASHELLS;9998;2
5700;;SUBMISSION;AMETHYSTS;SEASHELLS;10002;1
5700;SUBMISSION;;STARFRUIT;SEASHELLS;5003;1
5700;;;STRAWBERRIES;SEASHELLS;3983;7
5700;SUBMISSION;;AMETHYSTS;SEASHELLS;9997;2
5700;;;STARFRUIT;SEASHELLS;5003;1
6100;;;CHOCOLATE;SEASHELLS;7745;7
6200;;SUBMISSION;ORCHIDS;SEASHELLS;1084;5
6300;;;STARFRUIT;SEASHELLS;5003;1
6300;SUBMISSION;;AMETHYSTS;SEASHELLS;9997;1
6300;;;STARFRUIT;SEASHELLS;5003;10
6400;;;STARFRUIT;SEASHELLS;5004;1
6500;;SUBMISSION;AMETHYSTS;SEASHELLS;10002;1
6700;;;ROSES;SEASHELLS;14456;4
6700;;SUBMISSION;AMETHYSTS;SEASHELLS;10000;2
6800;;SUBMISSION;STARFRUIT;SEASHELLS;5008;5
6900;;;CHOCOLATE;SEASHELLS;7747;7
6900;SUBMISSION;;AMETHYSTS;SEASHELLS;9998;5
7200;;;CHOCOLATE;SEASHELLS;7749;4
7500;;;STARFRUIT;SEASHELLS;5005;5
7600;;;ROSES;SEASHELLS;14466;3
7700;;SUBMISSION;AMETHYSTS;SEASHELLS;10001;3
7700;;;STARFRUIT;SEASHELLS;5007;1
7800;;;ROSES;SEASHELLS;14463;4
8000;;;STARFRUIT;SEASHELLS;5006;1
8000;;SUBMISSION;AMETHYSTS;SEASHELLS;10003;2
8000;;SUBMISSION;STARFRUIT;SEASHELLS;5008;2
8000;;SUBMISSION;AMETHYSTS;SEASHELLS;10000;2
8000;;;AMETHYSTS;SEASHELLS;9998;1
8000;;SUBMISSION;STARFRUIT;SEASHELLS;5006;4
8100;;;STARFRUIT;SEASHELLS;5003;1
8200;;SUBMISSION;AMETHYSTS;SEASHELLS;10002;5
8600;;;ROSES;SEASHELLS;14443;2
8800;;SUBMISSION;STARFRUIT;SEASHELLS;5009;10
8800;SUBMISSION;;AMETHYSTS;SEASHELLS;9998;11
9100;;;STARFRUIT;SEASHELLS;5004;1
9100;;;CHOCOLATE;SEASHELLS;7756;5
9400;;SUBMISSION;AMETHYSTS;SEASHELLS;10000;2
9400;;SUBMISSION;AMETHYSTS;SEASHELLS;10003;8
9500;;;CHOCOLATE;SEASHELLS;7756;6
9600;SUBMISSION;;STARFRUIT;SEASHELLS;5008;3
9600;SUBMISSION;;AMETHYSTS;SEASHELLS;9996;9
9600;SUBMISSION;;STARFRUIT;SEASHELLS;5006;1
9700;SUBMISSION;;STARFRUIT;SEASHELLS;5006;1
9700;SUBMISSION;;STARFRUIT;SEASHELLS;5007;2
9900;;;ROSES;SEASHELLS;14454;1
10000;;;CHOCOLATE;SEASHELLS;7755;5
10100;SUBMISSION;;STARFRUIT;SEASHELLS;5007;14
10100;;;STARFRUIT;SEASHELLS;5006;1
10200;;SUBMISSION;AMETHYSTS;SEASHELLS;10003;5
10200;;SUBMISSION;AMETHYSTS;SEASHELLS;10002;1
10400;;SUBMISSION;AMETHYSTS;SEASHELLS;10002;1
10700;SUBMISSION;;AMETHYSTS;SEASHELLS;9998;1
10800;;SUBMISSION;STARFRUIT;SEASHELLS;5009;12
10900;SUBMISSION;;STARFRUIT;SEASHELLS;5007;4
11400;SUBMISSION;;AMETHYSTS;SEASHELLS;9996;9
11400;;;STARFRUIT;SEASHELLS;5011;1
11400;;;STARFRUIT;SEASHELLS;5008;2
11500;;;CHOCOLATE;SEASHELLS;7753;8
11600;SUBMISSION;;AMETHYSTS;SEASHELLS;9998;1
11600;;;STRAWBERRIES;SEASHELLS;3982;8
11700;;SUBMISSION;STARFRUIT;SEASHELLS;5010;3
11800;SUBMISSION;;STARFRUIT;SEASHELLS;5007;1
11800;;;AMETHYSTS;SEASHELLS;9998;1
11900;;SUBMISSION;STARFRUIT;SEASHELLS;5009;5
11900;;;CHOCOLATE;SEASHELLS;7752;8
12000;SUBMISSION;;STARFRUIT;SEASHELLS;5005;1
12000;;;STRAWBERRIES;SEASHELLS;3981;7
12100;;;CHOCOLATE;SEASHELLS;7752;8
12100;SUBMISSION;;AMETHYSTS;SEASHELLS;9998;1
12100;;;ROSES;SEASHELLS;14427;1
12200;;SUBMISSION;AMETHYSTS;SEASHELLS;10003;2
12200;;;GIFT_BASKET;SEASHELLS;69574;1
12200;;SUBMISSION;STARFRUIT;SEASHELLS;5009;2
12300;;;STARFRUIT;SEASHELLS;5009;1
12400;;SUBMISSION;STARFRUIT;SEASHELLS;5009;1
12500;;SUBMISSION;STARFRUIT;SEASHELLS;5007;3
12600;;SUBMISSION;AMETHYSTS;SEASHELLS;10002;1
12600;;;GIFT_BASKET;SEASHELLS;69588;1
12600;;SUBMISSION;STARFRUIT;SEASHELLS;5007;5
12700;SUBMISSION;;STARFRUIT;SEASHELLS;5004;1
12800;;SUBMISSION;STARFRUIT;SEASHELLS;5007;1
12900;;;GIFT_BASKET;SEASHELLS;69604;2
13000;;SUBMISSION;AMETHYSTS;SEASHELLS;10002;3
13000;;;ROSES;SEASHELLS;14431;5
13100;SUBMISSION;;STARFRUIT;SEASHELLS;5005;5
13300;;SUBMISSION;AMETHYSTS;SEASHELLS;10002;1
13300;;;STARFRUIT;SEASHELLS;5003;1
13400;;SUBMISSION;AMETHYSTS;SEASHELLS;10000;2
13400;;;STARFRUIT;SEASHELLS;5003;1
13600;;SUBMISSION;AMETHYSTS;SEASHELLS;10002;1
13700;;SUBMISSION;STARFRUIT;SEASHELLS;5008;1
13800;;;ROSES;SEASHELLS;14423;10
13900;;SUBMISSION;AMETHYSTS;SEASHELLS;10000;4
14000;;SUBMISSION;AMETHYSTS;SEASHELLS;10002;1
14200;;;ROSES;SEASHELLS;14414;2
14300;;SUBMISSION;AMETHYSTS;SEASHELLS;10000;1
14400;;;ROSES;SEASHELLS;14408;2
14400;;SUBMISSION;AMETHYSTS;SEASHELLS;10002;1
14500;;SUBMISSION;AMETHYSTS;SEASHELLS;10003;8
14600;SUBMISSION;;AMETHYSTS;SEASHELLS;9997;4
14600;SUBMISSION;;AMETHYSTS;SEASHELLS;9998;1
14700;SUBMISSION;;STARFRUIT;SEASHELLS;5002;2
14700;;;CHOCOLATE;SEASHELLS;7748;5
14700;;;AMETHYSTS;SEASHELLS;9998;1
14700;SUBMISSION;;AMETHYSTS;SEASHELLS;9999;2
14900;;;CHOCOLATE;SEASHELLS;7748;5
15000;;;GIFT_BASKET;SEASHELLS;69565;5
15000;;;STARFRUIT;SEASHELLS;5003;1
15000;;SUBMISSION;ORCHIDS;SEASHELLS;1085;5
15200;;;STARFRUIT;SEASHELLS;5007;2
15300;;;GIFT_BASKET;SEASHELLS;69561;6
15400;;;AMETHYSTS;SEASHELLS;9998;3
15500;SUBMISSION;;STARFRUIT;SEASHELLS;5004;10
15600;;;GIFT_BASKET;SEASHELLS;69542;1
15600;SUBMISSION;;AMETHYSTS;SEASHELLS;9998;1
15700;;;CHOCOLATE;SEASHELLS;7746;9
15900;;SUBMISSION;STARFRUIT;SEASHELLS;5006;1
15900;;SUBMISSION;AMETHYSTS;SEASHELLS;10003;1
16000;SUBMISSION;;STARFRUIT;SEASHELLS;5003;9
16100;;;STRAWBERRIES;SEASHELLS;3979;9
16200;SUBMISSION;;AMETHYSTS;SEASHELLS;9997;1
16200;SUBMISSION;;STARFRUIT;SEASHELLS;5003;1
16300;;;STARFRUIT;SEASHELLS;5005;2
16300;SUBMISSION;;AMETHYSTS;SEASHELLS;10000;1
16400;;;GIFT_BASKET;SEASHELLS;69548;1
16500;;;STRAWBERRIES;SEASHELLS;3980;11
16800;;SUBMISSION;STARFRUIT;SEASHELLS;5007;4
16900;;;CHOCOLATE;SEASHELLS;7746;6
17000;;;ROSES;SEASHELLS;14401;2
17100;;SUBMISSION;AMETHYSTS;SEASHELLS;10003;2
17100;;SUBMISSION;STARFRUIT;SEASHELLS;5009;2
17200;SUBMISSION;;AMETHYSTS;SEASHELLS;10000;2
17200;;;STARFRUIT;SEASHELLS;5006;6
17500;;SUBMISSION;AMETHYSTS;SEASHELLS;10002;1
17500;;SUBMISSION;STARFRUIT;SEASHELLS;5009;1
17600;;;CHOCOLATE;SEASHELLS;7747;6
17700;;;STRAWBERRIES;SEASHELLS;3983;10
17700;;;STRAWBERRIES;SEASHELLS;3981;8
17900;;;CHOCOLATE;SEASHELLS;7747;8
17900;;SUBMISSION;STARFRUIT;SEASHELLS;5007;3
17900;SUBMISSION;;STARFRUIT;SEASHELLS;5004;1
17900;SUBMISSION;;AMETHYSTS;SEASHELLS;9997;1
17900;;;STARFRUIT;SEASHELLS;5008;1
18000;;;STRAWBERRIES;SEASHELLS;3980;8
18000;SUBMISSION;;AMETHYSTS;SEASHELLS;9999;6
18300;;;STRAWBERRIES;SEASHELLS;3979;8
18300;;SUBMISSION;STARFRUIT;SEASHELLS;5007;1
18400;;;ROSES;SEASHELLS;14384;7
18500;SUBMISSION;;AMETHYSTS;SEASHELLS;9997;8
19100;;;STRAWBERRIES;SEASHELLS;3979;5
19100;;;CHOCOLATE;SEASHELLS;7743;5
19200;;;STRAWBERRIES;SEASHELLS;3979;9
19200;;SUBMISSION;AMETHYSTS;SEASHELLS;10002;1
19200;;;STRAWBERRIES;SEASHELLS;3978;3
19500;SUBMISSION;;STARFRUIT;SEASHELLS;5002;1
19700;;SUBMISSION;AMETHYSTS;SEASHELLS;10000;5
20100;;SUBMISSION;AMETHYSTS;SEASHELLS;10000;6
20200;SUBMISSION;;AMETHYSTS;SEASHELLS;9998;1
20200;;;GIFT_BASKET;SEASHELLS;69516;7
20500;;SUBMISSION;STARFRUIT;SEASHELLS;5006;1
20500;;;STRAWBERRIES;SEASHELLS;3978;10
20500;;SUBMISSION;AMETHYSTS;SEASHELLS;10002;1
20600;SUBMISSION;;STARFRUIT;SEASHELLS;5001;1
20600;;SUBMISSION;AMETHYSTS;SEASHELLS;10002;1
20700;;;STRAWBERRIES;SEASHELLS;3979;6
20800;;;CHOCOLATE;SEASHELLS;7745;5
20900;SUBMISSION;;AMETHYSTS;SEASHELLS;9999;8
20900;;;CHOCOLATE;SEASHELLS;7744;6
20900;SUBMISSION;;STARFRUIT;SEASHELLS;5002;4
21100;SUBMISSION;;STARFRUIT;SEASHELLS;5002;5
21100;;;AMETHYSTS;SEASHELLS;9998;1
21200;SUBMISSION;;AMETHYSTS;SEASHELLS;9998;1
21300;;;STRAWBERRIES;SEASHELLS;3977;5
21400;;;AMETHYSTS;SEASHELLS;9998;1
21500;;;STARFRUIT;SEASHELLS;5001;1
21500;;;GIFT_BASKET;SEASHELLS;69532;1
21800;;;ROSES;SEASHELLS;14346;5
22000;;SUBMISSION;STARFRUIT;SEASHELLS;5007;15
22100;;;AMETHYSTS;SEASHELLS;9998;7
22200;;SUBMISSION;AMETHYSTS;SEASHELLS;10002;5
22200;;SUBMISSION;STARFRUIT;SEASHELLS;5007;8
22200;;SUBMISSION;AMETHYSTS;SEASHELLS;10003;8
22300;;;AMETHYSTS;SEASHELLS;10002;1
22300;;;CHOCOLATE;SEASHELLS;7752;10
22400;;SUBMISSION;AMETHYSTS;SEASHELLS;10002;4
22400;;SUBMISSION;STARFRUIT;SEASHELLS;5006;2
22400;;;STARFRUIT;SEASHELLS;5006;10
22500;;;GIFT_BASKET;SEASHELLS;69533;6
22600;;SUBMISSION;AMETHYSTS;SEASHELLS;10002;4
22600;;SUBMISSION;AMETHYSTS;SEASHELLS;10002;1
22600;;SUBMISSION;STARFRUIT;SEASHELLS;5008;10
22700;;;STARFRUIT;SEASHELLS;5007;1
22900;;;STRAWBERRIES;SEASHELLS;3979;9
23000;;;GIFT_BASKET;SEASHELLS;69534;1
23200;;SUBMISSION;AMETHYSTS;SEASHELLS;10002;2
23200;;;CHOCOLATE;SEASHELLS;7754;7
23400;;;CHOCOLATE;SEASHELLS;7752;8
23500;;;CHOCOLATE;SEASHELLS;7750;8
23500;;;ROSES;SEASHELLS;14341;4
23600;SUBMISSION;;STARFRUIT;SEASHELLS;5002;1
23700;;;ROSES;SEASHELLS;14336;3
23700;;;CHOCOLATE;SEASHELLS;7750;8
23800;;SUBMISSION;STARFRUIT;SEASHELLS;5006;1
23900;;;STRAWBERRIES;SEASHELLS;3978;6
24100;;SUBMISSION;AMETHYSTS;SEASHELLS;10003;6
24100;;;AMETHYSTS;SEASHELLS;10003;3
24200;;;STRAWBERRIES;SEASHELLS;3978;5
24300;SUBMISSION;;AMETHYSTS;SEASHELLS;9998;7
24400;;;AMETHYSTS;SEASHELLS;10002;1
24400;;SUBMISSION;STARFRUIT;SEASHELLS;5007;1
24400;SUBMISSION;;AMETHYSTS;SEASHELLS;9998;1
24500;;;STARFRUIT;SEASHELLS;5001;1
24600;;;STARFRUIT;SEASHELLS;5006;1
24700;;;CHOCOLATE;SEASHELLS;7749;6
24900;;;AMETHYSTS;SEASHELLS;9998;1
25200;SUBMISSION;;STARFRUIT;SEASHELLS;4999;5
25300;;;CHOCOLATE;SEASHELLS;7753;5
25300;;;STRAWBERRIES;SEASHELLS;3976;8
25500;;;STARFRUIT;SEASHELLS;4999;1
25500;;SUBMISSION;AMETHYSTS;SEASHELLS;10002;2
25500;;;STRAWBERRIES;SEASHELLS;3977;4
25600;;;ROSES;SEASHELLS;14318;10
25600;;;CHOCOLATE;SEASHELLS;7753;8
25800;;SUBMISSION;AMETHYSTS;SEASHELLS;10003;1
25800;;SUBMISSION;STARFRUIT;SEASHELLS;5004;1
25900;;SUBMISSION;STARFRUIT;SEASHELLS;5004;2
25900;;SUBMISSION;AMETHYSTS;SEASHELLS;10003;2
25900;;SUBMISSION;STARFRUIT;SEASHELLS;5003;1
26000;SUBMISSION;;STARFRUIT;SEASHELLS;4999;1
26000;;SUBMISSION;AMETHYSTS;SEASHELLS;10003;1
26000;;SUBMISSION;STARFRUIT;SEASHELLS;5004;1
26200;;;STRAWBERRIES;SEASHELLS;3977;12
26200;;;AMETHYSTS;SEASHELLS;10002;1
26500;;;STRAWBERRIES;SEASHELLS;3976;6
26700;SUBMISSION;;STARFRUIT;SEASHELLS;4999;1
26700;SUBMISSION;;STARFRUIT;SEASHELLS;4999;14
26800;;;STRAWBERRIES;SEASHELLS;3977;7
27200;SUBMISSION;;STARFRUIT;SEASHELLS;5001;12
27300;;;STRAWBERRIES;SEASHELLS;3977;8
27400;;SUBMISSION;STARFRUIT;SEASHELLS;5003;5
27500;;SUBMISSION;STARFRUIT;SEASHELLS;5004;1
27500;;;STRAWBERRIES;SEASHELLS;3975;4
27700;;;AMETHYSTS;SEASHELLS;10002;3
27700;;SUBMISSION;AMETHYSTS;SEASHELLS;10002;2
27900;SUBMISSION;;AMETHYSTS;SEASHELLS;9996;5
28000;SUBMISSION;;STARFRUIT;SEASHELLS;4999;8
28000;;;STARFRUIT;SEASHELLS;4998;1
28100;;SUBMISSION;STARFRUIT;SEASHELLS;5003;1
28100;;SUBMISSION;AMETHYSTS;SEASHELLS;10003;1
28600;;;ROSES;SEASHELLS;14311;3
28600;;;AMETHYSTS;SEASHELLS;10002;3
28600;;;STARFRUIT;SEASHELLS;5001;1
28600;SUBMISSION;;STARFRUIT;SEASHELLS;5001;1
28600;;SUBMISSION;AMETHYSTS;SEASHELLS;10002;2
29100;;;CHOCOLATE;SEASHELLS;7752;8
29200;;;STRAWBERRIES;SEASHELLS;3978;6
29300;;;GIFT_BASKET;SEASHELLS;69496;4
29300;;;GIFT_BASKET;SEASHELLS;69496;1
29400;;;GIFT_BASKET;SEASHELLS;69488;2
29600;;;ROSES;SEASHELLS;14320;2
29600;SUBMISSION;;STARFRUIT;SEASHELLS;4999;3
29700;SUBMISSION;;AMETHYSTS;SEASHELLS;10000;3
29800;SUBMISSION;;AMETHYSTS;SEASHELLS;9997;8
30200;SUBMISSION;;STARFRUIT;SEASHELLS;4999;2
30200;SUBMISSION;;AMETHYSTS;SEASHELLS;9997;8
30200;SUBMISSION;;AMETHYSTS;SEASHELLS;9997;2
30400;;;STRAWBERRIES;SEASHELLS;3978;9
30400;SUBMISSION;;STARFRUIT;SEASHELLS;4999;1
30400;;;CHOCOLATE;SEASHELLS;7752;5
30400;;;STARFRUIT;SEASHELLS;4999;14
30500;;;STARFRUIT;SEASHELLS;4998;1
30500;;SUBMISSION;STARFRUIT;SEASHELLS;5003;2
30500;;SUBMISSION;AMETHYSTS;SEASHELLS;10003;2
30600;;;ROSES;SEASHELLS;14330;2
30700;;SUBMISSION;STARFRUIT;SEASHELLS;5003;1
30800;SUBMISSION;;AMETHYSTS;SEASHELLS;9998;4
30800;;SUBMISSION;STARFRUIT;SEASHELLS;5003;1
30900;;;STRAWBERRIES;SEASHELLS;3976;10
30900;;;ROSES;SEASHELLS;14338;5
31000;;;ROSES;SEASHELLS;14341;1
31100;SUBMISSION;;STARFRUIT;SEASHELLS;4999;1
31100;SUBMISSION;;AMETHYSTS;SEASHELLS;9998;1
31200;;SUBMISSION;ORCHIDS;SEASHELLS;1077;5
31400;;;ROSES;SEASHELLS;14343;1
31400;SUBMISSION;;STARFRUIT;SEASHELLS;4999;1
31500;;SUBMISSION;STARFRUIT;SEASHELLS;5003;1
31700;;;AMETHYSTS;SEASHELLS;10002;1
31900;;SUBMISSION;STARFRUIT;SEASHELLS;5004;1
31900;;SUBMISSION;AMETHYSTS;SEASHELLS;10003;1
32000;;;AMETHYSTS;SEASHELLS;10002;1
32200;;;STARFRUIT;SEASHELLS;5004;1
32300;;;ROSES;SEASHELLS;14331;2
32300;;;STARFRUIT;SEASHELLS;5003;3
32400;;;ORCHIDS;SEASHELLS;1071;2
32400;;;STARFRUIT;SEASHELLS;4999;1
32500;;SUBMISSION;AMETHYSTS;SEASHELLS;10002;1
32600;;;STARFRUIT;SEASHELLS;5000;1
32700;;SUBMISSION;AMETHYSTS;SEASHELLS;10002;2
32700;;;CHOCOLATE;SEASHELLS;7753;10
32800;;;GIFT_BASKET;SEASHELLS;69534;4
32900;;SUBMISSION;STARFRUIT;SEASHELLS;5003;1
32900;;SUBMISSION;AMETHYSTS;SEASHELLS;10003;1
33000;;;AMETHYSTS;SEASHELLS;10002;5
33000;;;STARFRUIT;SEASHELLS;5000;2
33000;SUBMISSION;;AMETHYSTS;SEASHELLS;9997;2
33000;;SUBMISSION;AMETHYSTS;SEASHELLS;10002;3
33100;;SUBMISSION;STARFRUIT;SEASHELLS;5004;1
33200;;SUBMISSION;STARFRUIT;SEASHELLS;5004;1
33300;;;STRAWBERRIES;SEASHELLS;3977;4
33400;;;STRAWBERRIES;SEASHELLS;3977;11
33400;;SUBMISSION;AMETHYSTS;SEASHELLS;10002;3
33400;;;STRAWBERRIES;SEASHELLS;3977;4
33600;;;CHOCOLATE;SEASHELLS;7755;7
33600;;;ROSES;SEASHELLS;14344;1
33800;;;ROSES;SEASHELLS;14340;2
33800;;SUBMISSION;AMETHYSTS;SEASHELLS;10002;1
33900;;;CHOCOLATE;SEASHELLS;7753;5
34300;SUBMISSION;;STARFRUIT;SEASHELLS;4998;1
34300;;;STARFRUIT;SEASHELLS;5000;5
34300;;;STARFRUIT;SEASHELLS;4997;1
34300;SUBMISSION;;AMETHYSTS;SEASHELLS;10000;4
34300;SUBMISSION;;AMETHYSTS;SEASHELLS;9999;1
34400;;;STRAWBERRIES;SEASHELLS;3978;4
34400;;;STRAWBERRIES;SEASHELLS;3978;5
34400;;;ROSES;SEASHELLS;14349;4
34500;;SUBMISSION;AMETHYSTS;SEASHELLS;10002;9
34600;;SUBMISSION;AMETHYSTS;SEASHELLS;10003;2
34600;;;CHOCOLATE;SEASHELLS;7754;5
34800;;;CHOCOLATE;SEASHELLS;7755;8
34800;;;STRAWBERRIES;SEASHELLS;3978;11
34900;SUBMISSION;;STARFRUIT;SEASHELLS;4997;6
34900;;;AMETHYSTS;SEASHELLS;9998;3
35100;;;GIFT_BASKET;SEASHELLS;69555;6
35100;SUBMISSION;;AMETHYSTS;SEASHELLS;9996;2
35100;;;ROSES;SEASHELLS;14343;1
35100;;;STARFRUIT;SEASHELLS;4995;2
35400;;;STARFRUIT;SEASHELLS;4995;2
35400;;;STARFRUIT;SEASHELLS;4995;4
35400;SUBMISSION;;AMETHYSTS;SEASHELLS;9996;2
35800;;SUBMISSION;STARFRUIT;SEASHELLS;4999;1
36000;;;STARFRUIT;SEASHELLS;4995;2
36100;;;AMETHYSTS;SEASHELLS;9998;1
36100;SUBMISSION;;AMETHYSTS;SEASHELLS;9998;1
36400;;SUBMISSION;AMETHYSTS;SEASHELLS;10003;11
36600;;;STARFRUIT;SEASHELLS;4996;3
36800;;;STRAWBERRIES;SEASHELLS;3979;4
37000;;;ROSES;SEASHELLS;14333;5
37100;;;GIFT_BASKET;SEASHELLS;69620;2
37100;;SUBMISSION;STARFRUIT;SEASHELLS;5000;1
37100;;SUBMISSION;STARFRUIT;SEASHELLS;4999;3
37200;;SUBMISSION;STARFRUIT;SEASHELLS;4999;9
37200;;;AMETHYSTS;SEASHELLS;9998;1
37400;;;STRAWBERRIES;SEASHELLS;3981;4
37500;;SUBMISSION;STARFRUIT;SEASHELLS;4999;2
37500;SUBMISSION;;AMETHYSTS;SEASHELLS;9998;1
37600;SUBMISSION;;STARFRUIT;SEASHELLS;4998;1
37600;;;STRAWBERRIES;SEASHELLS;3981;6
37600;SUBMISSION;;AMETHYSTS;SEASHELLS;10000;5
37700;SUBMISSION;;AMETHYSTS;SEASHELLS;9998;1
37800;;;ROSES;SEASHELLS;14342;2
37800;;SUBMISSION;STARFRUIT;SEASHELLS;5000;1
37900;;SUBMISSION;STARFRUIT;SEASHELLS;5000;1
38000;;;CHOCOLATE;SEASHELLS;7755;7
38000;SUBMISSION;;AMETHYSTS;SEASHELLS;9998;4
38100;;SUBMISSION;AMETHYSTS;SEASHELLS;10001;2
38300;;SUBMISSION;STARFRUIT;SEASHELLS;5000;1
38400;;;ROSES;SEASHELLS;14339;4
38400;;SUBMISSION;STARFRUIT;SEASHELLS;5000;14
38500;;SUBMISSION;AMETHYSTS;SEASHELLS;10002;1
38500;SUBMISSION;;AMETHYSTS;SEASHELLS;9999;12
38600;;;GIFT_BASKET;SEASHELLS;69617;1
38700;;SUBMISSION;AMETHYSTS;SEASHELLS;10002;1
39000;SUBMISSION;;STARFRUIT;SEASHELLS;4997;5
39200;SUBMISSION;;STARFRUIT;SEASHELLS;4997;5
39200;SUBMISSION;;STARFRUIT;SEASHELLS;4996;1
39200;;SUBMISSION;STARFRUIT;SEASHELLS;5001;6
39300;;SUBMISSION;STARFRUIT;SEASHELLS;5000;1
39300;;SUBMISSION;AMETHYSTS;SEASHELLS;10002;1
39500;;SUBMISSION;STARFRUIT;SEASHELLS;4999;7
39500;;;ROSES;SEASHELLS;14325;3
39700;SUBMISSION;;STARFRUIT;SEASHELLS;4996;4
39700;;;STRAWBERRIES;SEASHELLS;3976;12
39700;;SUBMISSION;AMETHYSTS;SEASHELLS;10002;1
39800;;;CHOCOLATE;SEASHELLS;7758;6
39800;;SUBMISSION;STARFRUIT;SEASHELLS;5000;1
39900;SUBMISSION;;AMETHYSTS;SEASHELLS;9998;4
40000;;SUBMISSION;STARFRUIT;SEASHELLS;5001;1
40000;;SUBMISSION;AMETHYSTS;SEASHELLS;10003;1
40000;;;CHOCOLATE;SEASHELLS;7758;8
40400;;;STRAWBERRIES;SEASHELLS;3974;6
40500;SUBMISSION;;AMETHYSTS;SEASHELLS;9998;4
40600;;;STARFRUIT;SEASHELLS;4997;1
40700;;;STARFRUIT;SEASHELLS;4997;1
40800;;;STARFRUIT;SEASHELLS;4997;1
40800;;SUBMISSION;AMETHYSTS;SEASHELLS;10002;3
40800;;;AMETHYSTS;SEASHELLS;10002;8
40800;;;STRAWBERRIES;SEASHELLS;3975;5
40900;;;STRAWBERRIES;SEASHELLS;3973;9
41000;;;STARFRUIT;SEASHELLS;4997;2
41100;;;STRAWBERRIES;SEASHELLS;3973;9
41100;;SUBMISSION;STARFRUIT;SEASHELLS;5002;1
41300;;;CHOCOLATE;SEASHELLS;7751;7
41300;SUBMISSION;;AMETHYSTS;SEASHELLS;9996;6
41300;;SUBMISSION;STARFRUIT;SEASHELLS;5004;1
41700;;SUBMISSION;ORCHIDS;SEASHELLS;1083;3
42100;;SUBMISSION;ORCHIDS;SEASHELLS;1082;2
42100;;;CHOCOLATE;SEASHELLS;7749;8
42200;;;STARFRUIT;SEASHELLS;5001;1
42300;SUBMISSION;;AMETHYSTS;SEASHELLS;9998;1
42400;SUBMISSION;;AMETHYSTS;SEASHELLS;9998;3
42400;;;ROSES;SEASHELLS;14313;2
42400;;;AMETHYSTS;SEASHELLS;9998;5
42500;;;GIFT_BASKET;SEASHELLS;69512;6
42600;;;STRAWBERRIES;SEASHELLS;3973;8
42600;;;ROSES;SEASHELLS;14307;3
42600;SUBMISSION;;STARFRUIT;SEASHELLS;5000;1
42700;;SUBMISSION;AMETHYSTS;SEASHELLS;10002;1
42700;;;STRAWBERRIES;SEASHELLS;3972;4
42800;;;CHOCOLATE;SEASHELLS;7749;7
42800;SUBMISSION;;AMETHYSTS;SEASHELLS;9998;1
42800;SUBMISSION;;STARFRUIT;SEASHELLS;5002;3
43100;;;CHOCOLATE;SEASHELLS;7747;9
43300;;;CHOCOLATE;SEASHELLS;7747;9
43400;SUBMISSION;;AMETHYSTS;SEASHELLS;9997;5
43400;;;AMETHYSTS;SEASHELLS;9997;2
43400;;SUBMISSION;STARFRUIT;SEASHELLS;5005;2
43500;;SUBMISSION;AMETHYSTS;SEASHELLS;10004;1
43500;;;STARFRUIT;SEASHELLS;5004;1
43600;;;STARFRUIT;SEASHELLS;5004;8
43600;;;STARFRUIT;SEASHELLS;5004;6
43700;;;STARFRUIT;SEASHELLS;5004;3
43700;;SUBMISSION;STARFRUIT;SEASHELLS;5004;2
43800;SUBMISSION;;STARFRUIT;SEASHELLS;5000;1
44000;;;STARFRUIT;SEASHELLS;5004;1
44000;SUBMISSION;;AMETHYSTS;SEASHELLS;9998;1
44000;SUBMISSION;;STARFRUIT;SEASHELLS;5002;5
44200;;SUBMISSION;STARFRUIT;SEASHELLS;5004;1
44200;;SUBMISSION;AMETHYSTS;SEASHELLS;10002;1
44400;;;ROSES;SEASHELLS;14322;3
44600;;;ROSES;SEASHELLS;14322;3
44600;;SUBMISSION;STARFRUIT;SEASHELLS;5003;1
44600;;;STRAWBERRIES;SEASHELLS;3972;5
44700;;;ORCHIDS;SEASHELLS;1075;4
44700;;;STRAWBERRIES;SEASHELLS;3971;6
44800;;;ROSES;SEASHELLS;14328;5
45000;SUBMISSION;;AMETHYSTS;SEASHELLS;9996;1
45000;SUBMISSION;;STARFRUIT;SEASHELLS;4999;2
45100;;;CHOCOLATE;SEASHELLS;7749;6
45200;;;CHOCOLATE;SEASHELLS;7749;6
45300;;;STRAWBERRIES;SEASHELLS;3974;4
45300;;SUBMISSION;STARFRUIT;SEASHELLS;5005;1
45400;;SUBMISSION;AMETHYSTS;SEASHELLS;10003;2
45400;;SUBMISSION;AMETHYSTS;SEASHELLS;10000;3
45400;;SUBMISSION;STARFRUIT;SEASHELLS;5005;2
45500;;;STRAWBERRIES;SEASHELLS;3974;6
45500;;;STARFRUIT;SEASHELLS;4998;1
45500;;;GIFT_BASKET;SEASHELLS;69548;2
45600;;SUBMISSION;STARFRUIT;SEASHELLS;5004;1
45600;;SUBMISSION;AMETHYSTS;SEASHELLS;10002;1
45700;;SUBMISSION;AMETHYSTS;SEASHELLS;10002;1
45800;;SUBMISSION;STARFRUIT;SEASHELLS;5002;2
45900;;;GIFT_BASKET;SEASHELLS;69558;2
45900;;SUBMISSION;AMETHYSTS;SEASHELLS;10002;1
46000;;;CHOCOLATE;SEASHELLS;7753;7
46000;;;ORCHIDS;SEASHELLS;1077;2
46200;;;ROSES;SEASHELLS;14341;2
46200;;SUBMISSION;AMETHYSTS;SEASHELLS;10002;1
46600;;SUBMISSION;STARFRUIT;SEASHELLS;5002;1
46600;;;ROSES;SEASHELLS;14343;4
47200;;SUBMISSION;AMETHYSTS;SEASHELLS;10003;4
47300;;;AMETHYSTS;SEASHELLS;9998;1
47300;;;STARFRUIT;SEASHELLS;4994;1
47400;;SUBMISSION;STARFRUIT;SEASHELLS;4999;4
47400;SUBMISSION;;STARFRUIT;SEASHELLS;4995;8
47800;;;AMETHYSTS;SEASHELLS;10002;4
47900;;SUBMISSION;STARFRUIT;SEASHELLS;4999;8
47900;;;STARFRUIT;SEASHELLS;4999;2
48000;;;STARFRUIT;SEASHELLS;4997;5
48000;;;AMETHYSTS;SEASHELLS;9998;1
48300;;;AMETHYSTS;SEASHELLS;10002;1
48400;;;STARFRUIT;SEASHELLS;4998;6
48400;;;ROSES;SEASHELLS;14336;2
48500;;;CHOCOLATE;SEASHELLS;7758;6
48600;;;STARFRUIT;SEASHELLS;4997;1
48600;;SUBMISSION;AMETHYSTS;SEASHELLS;10002;1
48600;;SUBMISSION;AMETHYSTS;SEASHELLS;10003;11
48700;SUBMISSION;;AMETHYSTS;SEASHELLS;9998;2
48700;SUBMISSION;;STARFRUIT;SEASHELLS;4992;1
48700;;;STARFRUIT;SEASHELLS;4992;1
48800;SUBMISSION;;STARFRUIT;SEASHELLS;4992;14
48800;;SUBMISSION;STARFRUIT;SEASHELLS;4996;1
48900;;;CHOCOLATE;SEASHELLS;7760;5
49000;;;STRAWBERRIES;SEASHELLS;3977;9
49000;SUBMISSION;;AMETHYSTS;SEASHELLS;9998;1
49100;;;STRAWBERRIES;SEASHELLS;3976;9
49100;SUBMISSION;;AMETHYSTS;SEASHELLS;10000;2
49100;;;AMETHYSTS;SEASHELLS;10002;1
49100;SUBMISSION;;STARFRUIT;SEASHELLS;4993;5
49300;;;AMETHYSTS;SEASHELLS;10002;10
49300;;SUBMISSION;AMETHYSTS;SEASHELLS;10002;1
49300;;;STRAWBERRIES;SEASHELLS;3976;12
49600;SUBMISSION;;STARFRUIT;SEASHELLS;4992;2
49700;;;STARFRUIT;SEASHELLS;4991;1
49900;;SUBMISSION;STARFRUIT;SEASHELLS;4995;1
50400;;SUBMISSION;AMETHYSTS;SEASHELLS;10002;4
50400;;SUBMISSION;STARFRUIT;SEASHELLS;4996;1
50400;;;STRAWBERRIES;SEASHELLS;3977;7
50500;SUBMISSION;;STARFRUIT;SEASHELLS;4994;2
50500;SUBMISSION;;AMETHYSTS;SEASHELLS;10000;5
50500;;;STARFRUIT;SEASHELLS;4995;4
50600;SUBMISSION;;STARFRUIT;SEASHELLS;4993;4
50800;;SUBMISSION;AMETHYSTS;SEASHELLS;10002;1
50900;;;STRAWBERRIES;SEASHELLS;3977;4
50900;SUBMISSION;;AMETHYSTS;SEASHELLS;9997;12
50900;SUBMISSION;;STARFRUIT;SEASHELLS;4994;4
50900;;;STRAWBERRIES;SEASHELLS;3977;7
51000;;SUBMISSION;STARFRUIT;SEASHELLS;4997;1
51100;;;ROSES;SEASHELLS;14318;4
51200;;;CHOCOLATE;SEASHELLS;7760;5
51300;;;AMETHYSTS;SEASHELLS;9998;1
51300;;;CHOCOLATE;SEASHELLS;7761;5
51300;;;AMETHYSTS;SEASHELLS;9998;3
51400;;;ROSES;SEASHELLS;14324;2
51400;SUBMISSION;;AMETHYSTS;SEASHELLS;9998;1
51700;;;CHOCOLATE;SEASHELLS;7758;7
51800;;;AMETHYSTS;SEASHELLS;9998;2
51800;SUBMISSION;;STARFRUIT;SEASHELLS;4993;2
51900;;SUBMISSION;AMETHYSTS;SEASHELLS;10004;5
51900;;;CHOCOLATE;SEASHELLS;7756;7
52000;;SUBMISSION;AMETHYSTS;SEASHELLS;10002;6
52000;SUBMISSION;;STARFRUIT;SEASHELLS;4993;3
52000;;;STARFRUIT;SEASHELLS;4993;1
52400;SUBMISSION;;STARFRUIT;SEASHELLS;4993;3
52600;SUBMISSION;;AMETHYSTS;SEASHELLS;9998;3
52600;;SUBMISSION;STARFRUIT;SEASHELLS;4997;1
52700;;;STARFRUIT;SEASHELLS;4997;1
52800;;SUBMISSION;AMETHYSTS;SEASHELLS;10003;3
52900;SUBMISSION;;STARFRUIT;SEASHELLS;4992;5
52900;;;STARFRUIT;SEASHELLS;4992;1
53000;;SUBMISSION;AMETHYSTS;SEASHELLS;10003;7
53000;;;GIFT_BASKET;SEASHELLS;69543;2
53100;;;STRAWBERRIES;SEASHELLS;3974;4
53100;;SUBMISSION;AMETHYSTS;SEASHELLS;10002;1
53100;;;GIFT_BASKET;SEASHELLS;69547;1
53800;;;GIFT_BASKET;SEASHELLS;69523;3
53900;;;STRAWBERRIES;SEASHELLS;3976;5
53900;;;STARFRUIT;SEASHELLS;4990;1
54000;;;ROSES;SEASHELLS;14322;1
54000;;;AMETHYSTS;SEASHELLS;9998;4
54300;;SUBMISSION;STARFRUIT;SEASHELLS;4996;1
54400;;SUBMISSION;STARFRUIT;SEASHELLS;4997;1
54500;;;STARFRUIT;SEASHELLS;4995;8
54600;;;STARFRUIT;SEASHELLS;4993;5
54600;;;CHOCOLATE;SEASHELLS;7755;7
54600;SUBMISSION;;AMETHYSTS;SEASHELLS;10000;5
54700;;SUBMISSION;AMETHYSTS;SEASHELLS;10001;8
55000;;;ROSES;SEASHELLS;14314;4
55400;;;STRAWBERRIES;SEASHELLS;3975;5
55500;;;STRAWBERRIES;SEASHELLS;3975;9
55600;;;STRAWBERRIES;SEASHELLS;3973;8
55700;;;CHOCOLATE;SEASHELLS;7753;5
55800;;;STARFRUIT;SEASHELLS;4993;11
55800;;;AMETHYSTS;SEASHELLS;9998;1
55800;SUBMISSION;;STARFRUIT;SEASHELLS;4993;2
55800;;SUBMISSION;AMETHYSTS;SEASHELLS;10004;8
55800;;;STRAWBERRIES;SEASHELLS;3974;5
55800;;;AMETHYSTS;SEASHELLS;9998;3
55900;;SUBMISSION;STARFRUIT;SEASHELLS;4997;5
55900;;;CHOCOLATE;SEASHELLS;7751;7
55900;;;AMETHYSTS;SEASHELLS;10002;1
56000;;SUBMISSION;STARFRUIT;SEASHELLS;4997;5
56000;;SUBMISSION;AMETHYSTS;SEASHELLS;10004;2
56000;;;ROSES;SEASHELLS;14313;1
56100;SUBMISSION;;AMETHYSTS;SEASHELLS;9996;3
56200;;;GIFT_BASKET;SEASHELLS;69446;1
56200;SUBMISSION;;STARFRUIT;SEASHELLS;4993;3
56300;SUBMISSION;;AMETHYSTS;SEASHELLS;9998;1
56500;;;AMETHYSTS;SEASHELLS;10002;1
56500;SUBMISSION;;AMETHYSTS;SEASHELLS;9998;8
56500;;;STRAWBERRIES;SEASHELLS;3970;5
56600;;;ROSES;SEASHELLS;14313;1
56700;;;STARFRUIT;SEASHELLS;4992;1
57000;;;STRAWBERRIES;SEASHELLS;3971;4
57000;;;STRAWBERRIES;SEASHELLS;3972;8
57000;;;ROSES;SEASHELLS;14310;2
57600;;SUBMISSION;AMETHYSTS;SEASHELLS;10002;1
57600;;SUBMISSION;STARFRUIT;SEASHELLS;4996;6
57600;;SUBMISSION;STARFRUIT;SEASHELLS;4995;3
57600;SUBMISSION;;AMETHYSTS;SEASHELLS;9997;11
57600;;;STARFRUIT;SEASHELLS;4995;1
57700;;SUBMISSION;AMETHYSTS;SEASHELLS;10002;1
58000;;SUBMISSION;STARFRUIT;SEASHELLS;4996;1
58100;;SUBMISSION;STARFRUIT;SEASHELLS;4995;1
58200;;SUBMISSION;STARFRUIT;SEASHELLS;4996;1
58200;;SUBMISSION;AMETHYSTS;SEASHELLS;10003;1
58400;;;CHOCOLATE;SEASHELLS;7757;8
58600;;;AMETHYSTS;SEASHELLS;9998;2
58600;SUBMISSION;;AMETHYSTS;SEASHELLS;9998;1
58600;;;STRAWBERRIES;SEASHELLS;3974;8
58700;SUBMISSION;;STARFRUIT;SEASHELLS;4992;3
58900;SUBMISSION;;AMETHYSTS;SEASHELLS;9998;1
59000;;;CHOCOLATE;SEASHELLS;7759;9
59100;;;GIFT_BASKET;SEASHELLS;69481;7
59200;SUBMISSION;;AMETHYSTS;SEASHELLS;9998;1
59200;;SUBMISSION;STARFRUIT;SEASHELLS;4996;7
59600;;;STRAWBERRIES;SEASHELLS;3972;6
59900;;;STRAWBERRIES;SEASHELLS;3972;7
60000;;;GIFT_BASKET;SEASHELLS;69499;1
60300;;;GIFT_BASKET;SEASHELLS;69507;2
60300;;;CHOCOLATE;SEASHELLS;7762;8
60400;;;STRAWBERRIES;SEASHELLS;3972;4
60400;;;STRAWBERRIES;SEASHELLS;3974;10
60500;SUBMISSION;;AMETHYSTS;SEASHELLS;9997;1
60500;;;GIFT_BASKET;SEASHELLS;69503;1
60500;SUBMISSION;;STARFRUIT;SEASHELLS;4991;4
60500;SUBMISSION;;STARFRUIT;SEASHELLS;4991;1
60500;;;ORCHIDS;SEASHELLS;1072;5
60600;;;STRAWBERRIES;SEASHELLS;3974;6
60600;;SUBMISSION;STARFRUIT;SEASHELLS;4995;1
60900;;;GIFT_BASKET;SEASHELLS;69490;4
60900;;;STRAWBERRIES;SEASHELLS;3972;6
60900;SUBMISSION;;AMETHYSTS;SEASHELLS;9998;1
60900;;SUBMISSION;STARFRUIT;SEASHELLS;4996;1
61100;;;GIFT_BASKET;SEASHELLS;69474;1
61400;;;AMETHYSTS;SEASHELLS;10002;2
61400;SUBMISSION;;STARFRUIT;SEASHELLS;4994;5
61400;;;STARFRUIT;SEASHELLS;4994;1
61500;;;STARFRUIT;SEASHELLS;4991;1
61600;;SUBMISSION;AMETHYSTS;SEASHELLS;10002;5
61700;;SUBMISSION;AMETHYSTS;SEASHELLS;10002;7
61800;SUBMISSION;;AMETHYSTS;SEASHELLS;10000;5
61900;;;STRAWBERRIES;SEASHELLS;3974;8
62000;;;ROSES;SEASHELLS;14334;5
62100;;SUBMISSION;STARFRUIT;SEASHELLS;4995;10
62100;;;STARFRUIT;SEASHELLS;4991;1
62300;SUBMISSION;;AMETHYSTS;SEASHELLS;9997;5
62400;;SUBMISSION;AMETHYSTS;SEASHELLS;10002;4
62500;;;ROSES;SEASHELLS;14334;3
62500;SUBMISSION;;AMETHYSTS;SEASHELLS;9998;4
62700;;SUBMISSION;STARFRUIT;SEASHELLS;4996;1
62800;;;STRAWBERRIES;SEASHELLS;3972;7
62800;;;ROSES;SEASHELLS;14337;2
62800;;SUBMISSION;ORCHIDS;SEASHELLS;1073;5
63000;;;CHOCOLATE;SEASHELLS;7765;7
63100;SUBMISSION;;AMETHYSTS;SEASHELLS;9998;1
63300;SUBMISSION;;STARFRUIT;SEASHELLS;4991;9
63700;SUBMISSION;;STARFRUIT;SEASHELLS;4992;5
63800;;;ROSES;SEASHELLS;14330;1
63900;;;STARFRUIT;SEASHELLS;4992;1
63900;SUBMISSION;;STARFRUIT;SEASHELLS;4992;3
64000;;;STRAWBERRIES;SEASHELLS;3973;10
64000;;;CHOCOLATE;SEASHELLS;7766;5
64100;SUBMISSION;;STARFRUIT;SEASHELLS;4992;1
64300;;SUBMISSION;STARFRUIT;SEASHELLS;4996;9
64300;;;AMETHYSTS;SEASHELLS;10002;1
64400;;;ROSES;SEASHELLS;14319;2
64400;;;STRAWBERRIES;SEASHELLS;3972;5
64400;;;AMETHYSTS;SEASHELLS;10002;1
64500;SUBMISSION;;STARFRUIT;SEASHELLS;4992;1
64500;SUBMISSION;;AMETHYSTS;SEASHELLS;9999;1
64600;;SUBMISSION;AMETHYSTS;SEASHELLS;10002;1
64600;;SUBMISSION;ORCHIDS;SEASHELLS;1078;4
64700;;SUBMISSION;AMETHYSTS;SEASHELLS;10004;2
64700;;SUBMISSION;STARFRUIT;SEASHELLS;4996;2
64700;;SUBMISSION;AMETHYSTS;SEASHELLS;10002;1
64800;;;GIFT_BASKET;SEASHELLS;69488;2
64900;;SUBMISSION;AMETHYSTS;SEASHELLS;10002;1
65000;SUBMISSION;;STARFRUIT;SEASHELLS;4990;2
65000;SUBMISSION;;AMETHYSTS;SEASHELLS;9999;2
65100;;;STARFRUIT;SEASHELLS;4990;1
65300;;SUBMISSION;AMETHYSTS;SEASHELLS;10002;1
65500;;;ROSES;SEASHELLS;14317;2
65600;;;STARFRUIT;SEASHELLS;4989;1
65700;;SUBMISSION;STARFRUIT;SEASHELLS;4994;1
65700;;;ORCHIDS;SEASHELLS;1072;3
65800;;;ROSES;SEASHELLS;14308;4
65900;;;STRAWBERRIES;SEASHELLS;3972;10
66000;;SUBMISSION;STARFRUIT;SEASHELLS;4994;5
66100;;;ROSES;SEASHELLS;14314;3
66200;;;STARFRUIT;SEASHELLS;4988;1
66200;SUBMISSION;;AMETHYSTS;SEASHELLS;9998;2
66200;;;AMETHYSTS;SEASHELLS;9998;2
66300;;SUBMISSION;STARFRUIT;SEASHELLS;4992;3
66300;;;STARFRUIT;SEASHELLS;4992;2
66400;;SUBMISSION;AMETHYSTS;SEASHELLS;10000;3
66700;;;CHOCOLATE;SEASHELLS;7760;7
66700;SUBMISSION;;STARFRUIT;SEASHELLS;4988;1
66800;;SUBMISSION;ORCHIDS;SEASHELLS;1073;6
66800;SUBMISSION;;STARFRUIT;SEASHELLS;4991;4
66800;;;ROSES;SEASHELLS;14314;3
66800;;;AMETHYSTS;SEASHELLS;10002;1
67100;;;STARFRUIT;SEASHELLS;4989;1
67100;;;ROSES;SEASHELLS;14318;3
67100;;;STARFRUIT;SEASHELLS;4994;1
67100;SUBMISSION;;STARFRUIT;SEASHELLS;4989;8
67300;;;ROSES;SEASHELLS;14315;1
67400;;;STRAWBERRIES;SEASHELLS;3975;8
67500;;;ORCHIDS;SEASHELLS;1072;4
67700;SUBMISSION;;STARFRUIT;SEASHELLS;4991;3
67700;SUBMISSION;;AMETHYSTS;SEASHELLS;9998;4
67900;;;ROSES;SEASHELLS;14311;5
68500;;;ROSES;SEASHELLS;14296;5
68600;;SUBMISSION;STARFRUIT;SEASHELLS;4996;1
68600;;SUBMISSION;AMETHYSTS;SEASHELLS;10003;1
68700;;SUBMISSION;ORCHIDS;SEASHELLS;1068;7
68700;;;CHOCOLATE;SEASHELLS;7760;8
68700;;SUBMISSION;STARFRUIT;SEASHELLS;4997;1
68800;SUBMISSION;;STARFRUIT;SEASHELLS;4993;3
68900;;;STRAWBERRIES;SEASHELLS;3971;10
68900;;SUBMISSION;AMETHYSTS;SEASHELLS;10002;1
68900;;SUBMISSION;STARFRUIT;SEASHELLS;4997;1
69300;;;ROSES;SEASHELLS;14284;11
69400;;;GIFT_BASKET;SEASHELLS;69414;1
69500;SUBMISSION;;AMETHYSTS;SEASHELLS;9996;11
69700;;;STARFRUIT;SEASHELLS;4991;1
69900;;;ROSES;SEASHELLS;14289;1
70000;;;ROSES;SEASHELLS;14288;7
70000;SUBMISSION;;STARFRUIT;SEASHELLS;4992;8
70000;SUBMISSION;;STARFRUIT;SEASHELLS;4992;1
70100;;SUBMISSION;AMETHYSTS;SEASHELLS;10002;1
70200;;SUBMISSION;AMETHYSTS;SEASHELLS;10003;1
70200;;SUBMISSION;STARFRUIT;SEASHELLS;4998;1
70600;;SUBMISSION;STARFRUIT;SEASHELLS;4998;5
70700;SUBMISSION;;AMETHYSTS;SEASHELLS;9998;3
70900;;;ROSES;SEASHELLS;14307;1
71000;SUBMISSION;;AMETHYSTS;SEASHELLS;9998;2
71100;;;ORCHIDS;SEASHELLS;1058;4
71100;;SUBMISSION;STARFRUIT;SEASHELLS;4999;1
71200;SUBMISSION;;AMETHYSTS;SEASHELLS;9998;1
71300;;;STRAWBERRIES;SEASHELLS;3971;6
71300;;;GIFT_BASKET;SEASHELLS;69450;1
71500;;;STARFRUIT;SEASHELLS;4994;1
71500;;SUBMISSION;STARFRUIT;SEASHELLS;5000;6
71500;;SUBMISSION;AMETHYSTS;SEASHELLS;10002;1
71500;;SUBMISSION;ORCHIDS;SEASHELLS;1056;6
71600;;;STARFRUIT;SEASHELLS;4994;1
71700;;;CHOCOLATE;SEASHELLS;7763;6
71900;;;AMETHYSTS;SEASHELLS;9998;1
72400;;;GIFT_BASKET;SEASHELLS;69468;5
72400;;;GIFT_BASKET;SEASHELLS;69468;1
72500;;;CHOCOLATE;SEASHELLS;7769;7
72500;;SUBMISSION;STARFRUIT;SEASHELLS;4996;5
72900;SUBMISSION;;AMETHYSTS;SEASHELLS;9998;1
73000;SUBMISSION;;STARFRUIT;SEASHELLS;4995;3
73000;;;STARFRUIT;SEASHELLS;4997;1
73000;;;AMETHYSTS;SEASHELLS;9998;1
73000;SUBMISSION;;STARFRUIT;SEASHELLS;4993;2
73200;;;STARFRUIT;SEASHELLS;4996;1
73200;;SUBMISSION;AMETHYSTS;SEASHELLS;10002;7
73300;;;ROSES;SEASHELLS;14283;4
73300;;;STARFRUIT;SEASHELLS;4991;1
73600;;;CHOCOLATE;SEASHELLS;7769;7
73600;;SUBMISSION;AMETHYSTS;SEASHELLS;10002;1
73700;;SUBMISSION;AMETHYSTS;SEASHELLS;10002;2
73700;;;AMETHYSTS;SEASHELLS;10002;1
73800;;SUBMISSION;AMETHYSTS;SEASHELLS;10001;2
73800;;SUBMISSION;STARFRUIT;SEASHELLS;4995;2
74000;;SUBMISSION;STARFRUIT;SEASHELLS;4994;3
74200;SUBMISSION;;STARFRUIT;SEASHELLS;4990;1
74300;;SUBMISSION;AMETHYSTS;SEASHELLS;10004;1
74300;;SUBMISSION;STARFRUIT;SEASHELLS;4995;1
74300;;SUBMISSION;AMETHYSTS;SEASHELLS;10002;5
74400;SUBMISSION;;STARFRUIT;SEASHELLS;4991;8
74600;;;STRAWBERRIES;SEASHELLS;3972;8
74600;SUBMISSION;;AMETHYSTS;SEASHELLS;9998;1
74900;;SUBMISSION;STARFRUIT;SEASHELLS;4995;1
75000;;SUBMISSION;AMETHYSTS;SEASHELLS;10002;5
75100;;;ORCHIDS;SEASHELLS;1056;3
75100;SUBMISSION;;STARFRUIT;SEASHELLS;4991;1
75100;SUBMISSION;;AMETHYSTS;SEASHELLS;9996;1
75400;;;STRAWBERRIES;SEASHELLS;3973;4
75500;SUBMISSION;;AMETHYSTS;SEASHELLS;9998;12
75500;SUBMISSION;;AMETHYSTS;SEASHELLS;9998;1
75700;;;AMETHYSTS;SEASHELLS;9998;1
75800;;SUBMISSION;STARFRUIT;SEASHELLS;4993;2
75800;;SUBMISSION;AMETHYSTS;SEASHELLS;10001;2
75900;;;STRAWBERRIES;SEASHELLS;3975;5
76200;;SUBMISSION;AMETHYSTS;SEASHELLS;10000;6
76300;SUBMISSION;;AMETHYSTS;SEASHELLS;9997;8
76500;;SUBMISSION;AMETHYSTS;SEASHELLS;10003;1
76500;;SUBMISSION;AMETHYSTS;SEASHELLS;10002;1
76500;;SUBMISSION;STARFRUIT;SEASHELLS;4993;2
76500;;SUBMISSION;STARFRUIT;SEASHELLS;4995;1
76600;SUBMISSION;;AMETHYSTS;SEASHELLS;9998;2
76900;;;ROSES;SEASHELLS;14300;2
77000;;SUBMISSION;STARFRUIT;SEASHELLS;4994;12
77100;SUBMISSION;;STARFRUIT;SEASHELLS;4991;5
77100;;;AMETHYSTS;SEASHELLS;10002;1
77400;;;STARFRUIT;SEASHELLS;4989;1
77500;SUBMISSION;;STARFRUIT;SEASHELLS;4992;3
78200;;SUBMISSION;ORCHIDS;SEASHELLS;1064;5
78200;;SUBMISSION;AMETHYSTS;SEASHELLS;10002;1
78200;SUBMISSION;;AMETHYSTS;SEASHELLS;9999;1
78200;;SUBMISSION;STARFRUIT;SEASHELLS;4994;1
78200;SUBMISSION;;STARFRUIT;SEASHELLS;4990;2
78300;SUBMISSION;;STARFRUIT;SEASHELLS;4990;1
78600;;SUBMISSION;AMETHYSTS;SEASHELLS;10002;1
78700;SUBMISSION;;AMETHYSTS;SEASHELLS;9998;2
78800;;SUBMISSION;AMETHYSTS;SEASHELLS;10002;1
78800;;;STRAWBERRIES;SEASHELLS;3971;11
78900;;SUBMISSION;STARFRUIT;SEASHELLS;4994;1
78900;SUBMISSION;;AMETHYSTS;SEASHELLS;9998;1
79000;;SUBMISSION;AMETHYSTS;SEASHELLS;10002;1
79200;;SUBMISSION;AMETHYSTS;SEASHELLS;10004;2
79200;;SUBMISSION;STARFRUIT;SEASHELLS;4996;2
79200;;;STARFRUIT;SEASHELLS;4996;1
79400;;;ROSES;SEASHELLS;14295;3
79600;;SUBMISSION;AMETHYSTS;SEASHELLS;10002;5
79700;;;STRAWBERRIES;SEASHELLS;3969;5
80000;;;ROSES;SEASHELLS;14293;5
80000;;;AMETHYSTS;SEASHELLS;9998;2
80100;;SUBMISSION;ORCHIDS;SEASHELLS;1064;5
80100;;SUBMISSION;STARFRUIT;SEASHELLS;4995;1
80200;;;CHOCOLATE;SEASHELLS;7776;6
80300;SUBMISSION;;STARFRUIT;SEASHELLS;4992;2
80300;;;STARFRUIT;SEASHELLS;4992;1
80400;;;ROSES;SEASHELLS;14287;3
80400;;;STARFRUIT;SEASHELLS;4990;1
80500;;SUBMISSION;STARFRUIT;SEASHELLS;4996;8
80600;SUBMISSION;;STARFRUIT;SEASHELLS;4992;9
80700;;SUBMISSION;AMETHYSTS;SEASHELLS;10000;2
80800;;;STRAWBERRIES;SEASHELLS;3968;4
80800;SUBMISSION;;AMETHYSTS;SEASHELLS;9998;1
80800;;;CHOCOLATE;SEASHELLS;7771;5
80900;;SUBMISSION;AMETHYSTS;SEASHELLS;10002;1
81000;SUBMISSION;;STARFRUIT;SEASHELLS;4989;1
81000;SUBMISSION;;STARFRUIT;SEASHELLS;4989;12
81000;;;STRAWBERRIES;SEASHELLS;3968;6
81100;;;CHOCOLATE;SEASHELLS;7773;7
81300;;;ROSES;SEASHELLS;14285;3
81500;;;STARFRUIT;SEASHELLS;4988;1
81500;SUBMISSION;;AMETHYSTS;SEASHELLS;9996;1
81600;;SUBMISSION;STARFRUIT;SEASHELLS;4993;1
81600;;SUBMISSION;ORCHIDS;SEASHELLS;1061;3
82100;;;ROSES;SEASHELLS;14271;5
82200;SUBMISSION;;STARFRUIT;SEASHELLS;4990;1
82200;SUBMISSION;;AMETHYSTS;SEASHELLS;9999;2
82200;;;STRAWBERRIES;SEASHELLS;3968;10
82200;;;CHOCOLATE;SEASHELLS;7772;6
82200;;;STARFRUIT;SEASHELLS;4990;1
82500;SUBMISSION;;AMETHYSTS;SEASHELLS;9998;1
82600;;;STARFRUIT;SEASHELLS;4990;2
82700;;;ROSES;SEASHELLS;14265;4
82900;SUBMISSION;;AMETHYSTS;SEASHELLS;9997;8
82900;SUBMISSION;;AMETHYSTS;SEASHELLS;9998;1
83100;;;CHOCOLATE;SEASHELLS;7773;8
83200;;;STRAWBERRIES;SEASHELLS;3970;6
83200;;SUBMISSION;AMETHYSTS;SEASHELLS;10002;1
83300;;;STARFRUIT;SEASHELLS;4994;1
83300;SUBMISSION;;AMETHYSTS;SEASHELLS;9997;2
83300;SUBMISSION;;STARFRUIT;SEASHELLS;4990;2
83400;;;STRAWBERRIES;SEASHELLS;3970;8
83400;SUBMISSION;;AMETHYSTS;SEASHELLS;9996;2
83400;SUBMISSION;;STARFRUIT;SEASHELLS;4990;2
83500;;;ROSES;SEASHELLS;14260;5
83500;;;CHOCOLATE;SEASHELLS;7770;4
83600;;;CHOCOLATE;SEASHELLS;7769;5
83600;;;AMETHYSTS;SEASHELLS;10002;1
83600;;;STRAWBERRIES;SEASHELLS;3969;6
83600;;;CHOCOLATE;SEASHELLS;7769;6
83800;SUBMISSION;;AMETHYSTS;SEASHELLS;9998;1
84000;;;ROSES;SEASHELLS;14266;1
84000;;;GIFT_BASKET;SEASHELLS;69420;10
84000;SUBMISSION;;AMETHYSTS;SEASHELLS;9998;3
84100;;SUBMISSION;ORCHIDS;SEASHELLS;1063;2
84200;;SUBMISSION;AMETHYSTS;SEASHELLS;10000;1
84200;;;AMETHYSTS;SEASHELLS;9998;1
84300;;SUBMISSION;STARFRUIT;SEASHELLS;4993;9
84300;SUBMISSION;;STARFRUIT;SEASHELLS;4989;1
84300;SUBMISSION;;AMETHYSTS;SEASHELLS;9997;1
84400;;SUBMISSION;AMETHYSTS;SEASHELLS;10002;1
84500;;;ROSES;SEASHELLS;14266;4
84600;;SUBMISSION;STARFRUIT;SEASHELLS;4993;7
84700;;;ROSES;SEASHELLS;14269;3
84800;;SUBMISSION;STARFRUIT;SEASHELLS;4992;9
85200;;;STARFRUIT;SEASHELLS;4992;1
85200;SUBMISSION;;AMETHYSTS;SEASHELLS;9998;1
85300;;;AMETHYSTS;SEASHELLS;9998;1
85500;;SUBMISSION;STARFRUIT;SEASHELLS;4992;1
85700;;SUBMISSION;AMETHYSTS;SEASHELLS;10002;1
85700;;SUBMISSION;STARFRUIT;SEASHELLS;4993;1
85800;;;CHOCOLATE;SEASHELLS;7766;6
85900;;;STRAWBERRIES;SEASHELLS;3970;5
85900;;;STARFRUIT;SEASHELLS;4987;1
86000;;SUBMISSION;AMETHYSTS;SEASHELLS;10000;2
86100;;SUBMISSION;AMETHYSTS;SEASHELLS;10002;1
86200;;;CHOCOLATE;SEASHELLS;7766;6
86200;SUBMISSION;;AMETHYSTS;SEASHELLS;9998;1
86300;;;ROSES;SEASHELLS;14259;1
86300;;;STRAWBERRIES;SEASHELLS;3969;6
86400;;;STARFRUIT;SEASHELLS;4987;1
86600;;SUBMISSION;STARFRUIT;SEASHELLS;4991;1
86700;;;STRAWBERRIES;SEASHELLS;3969;3
86800;;;AMETHYSTS;SEASHELLS;10002;1
86800;SUBMISSION;;STARFRUIT;SEASHELLS;4987;1
86900;SUBMISSION;;STARFRUIT;SEASHELLS;4988;3
87100;;;STRAWBERRIES;SEASHELLS;3970;10
87100;SUBMISSION;;STARFRUIT;SEASHELLS;4987;1
87300;;;AMETHYSTS;SEASHELLS;9998;3
87400;;;STRAWBERRIES;SEASHELLS;3971;8
87400;;;ROSES;SEASHELLS;14252;1
87400;;;CHOCOLATE;SEASHELLS;7772;5
87700;;SUBMISSION;STARFRUIT;SEASHELLS;4991;1
88100;;;GIFT_BASKET;SEASHELLS;69394;5
88100;SUBMISSION;;AMETHYSTS;SEASHELLS;9998;1
88200;SUBMISSION;;AMETHYSTS;SEASHELLS;9998;2
88300;;SUBMISSION;STARFRUIT;SEASHELLS;4991;1
88500;;;ROSES;SEASHELLS;14241;1
88600;;;ROSES;SEASHELLS;14240;2
88700;;;CHOCOLATE;SEASHELLS;7764;6
88700;;;ROSES;SEASHELLS;14239;1
88800;;;AMETHYSTS;SEASHELLS;9998;5
88900;;;CHOCOLATE;SEASHELLS;7764;7
89000;;SUBMISSION;AMETHYSTS;SEASHELLS;10002;2
89000;;;GIFT_BASKET;SEASHELLS;69389;6
89000;;;GIFT_BASKET;SEASHELLS;69389;1
89200;;;STRAWBERRIES;SEASHELLS;3968;10
89400;SUBMISSION;;AMETHYSTS;SEASHELLS;9996;2
89400;;SUBMISSION;AMETHYSTS;SEASHELLS;10000;4
89400;;;AMETHYSTS;SEASHELLS;10002;1
89400;;;STARFRUIT;SEASHELLS;4988;2
89500;;;ROSES;SEASHELLS;14223;1
89600;;;STRAWBERRIES;SEASHELLS;3968;8
89600;;;CHOCOLATE;SEASHELLS;7759;5
89700;;;ROSES;SEASHELLS;14225;5
89900;;;STRAWBERRIES;SEASHELLS;3970;3
89900;;;AMETHYSTS;SEASHELLS;10002;1
90000;;;STARFRUIT;SEASHELLS;4990;1
90000;SUBMISSION;;AMETHYSTS;SEASHELLS;9998;4
90000;;;STARFRUIT;SEASHELLS;4990;2
90000;;SUBMISSION;AMETHYSTS;SEASHELLS;10001;2
90100;;SUBMISSION;AMETHYSTS;SEASHELLS;10002;6
90200;SUBMISSION;;STARFRUIT;SEASHELLS;4987;15
90500;;SUBMISSION;AMETHYSTS;SEASHELLS;10002;1
90700;;;ROSES;SEASHELLS;14232;2
90700;;SUBMISSION;AMETHYSTS;SEASHELLS;10002;1
90700;;;STARFRUIT;SEASHELLS;4986;1
90800;;;STARFRUIT;SEASHELLS;4986;1
90800;;SUBMISSION;AMETHYSTS;SEASHELLS;10002;2
90800;;;STRAWBERRIES;SEASHELLS;3969;8
90900;SUBMISSION;;AMETHYSTS;SEASHELLS;9998;1
91000;;SUBMISSION;AMETHYSTS;SEASHELLS;10000;2
91100;;;ROSES;SEASHELLS;14231;2
91100;SUBMISSION;;STARFRUIT;SEASHELLS;4987;2
91100;SUBMISSION;;AMETHYSTS;SEASHELLS;9998;1
91100;SUBMISSION;;AMETHYSTS;SEASHELLS;9997;2
91200;;;GIFT_BASKET;SEASHELLS;69350;2
91200;;;GIFT_BASKET;SEASHELLS;69349;2
91300;;SUBMISSION;STARFRUIT;SEASHELLS;4991;1
91500;;;CHOCOLATE;SEASHELLS;7766;8
91500;;SUBMISSION;AMETHYSTS;SEASHELLS;10002;1
91600;SUBMISSION;;AMETHYSTS;SEASHELLS;9999;1
91600;;;ROSES;SEASHELLS;14235;5
91800;SUBMISSION;;AMETHYSTS;SEASHELLS;9998;1
91800;SUBMISSION;;STARFRUIT;SEASHELLS;4986;2
91800;SUBMISSION;;AMETHYSTS;SEASHELLS;9997;2
91800;;SUBMISSION;STARFRUIT;SEASHELLS;4989;2
91800;SUBMISSION;;AMETHYSTS;SEASHELLS;9998;5
91900;;;GIFT_BASKET;SEASHELLS;69365;5
91900;;;GIFT_BASKET;SEASHELLS;69366;1
92000;;;STRAWBERRIES;SEASHELLS;3968;4
92200;SUBMISSION;;AMETHYSTS;SEASHELLS;9998;1
92300;;;AMETHYSTS;SEASHELLS;9997;8
92300;SUBMISSION;;AMETHYSTS;SEASHELLS;9997;1
92400;;SUBMISSION;STARFRUIT;SEASHELLS;4986;2
92400;;SUBMISSION;AMETHYSTS;SEASHELLS;10004;2
92600;;;ROSES;SEASHELLS;14239;1
92800;;;ROSES;SEASHELLS;14241;1
92800;;;AMETHYSTS;SEASHELLS;10002;2
93100;SUBMISSION;;STARFRUIT;SEASHELLS;4985;2
93200;;;ROSES;SEASHELLS;14248;3
93300;SUBMISSION;;AMETHYSTS;SEASHELLS;9996;2
93300;SUBMISSION;;STARFRUIT;SEASHELLS;4986;4
93300;;;ROSES;SEASHELLS;14251;2
93300;SUBMISSION;;STARFRUIT;SEASHELLS;4985;2
93400;;;GIFT_BASKET;SEASHELLS;69386;5
93600;;;STRAWBERRIES;SEASHELLS;3968;3
93700;;;AMETHYSTS;SEASHELLS;9998;1
93700;;;STARFRUIT;SEASHELLS;4985;1
93700;;;AMETHYSTS;SEASHELLS;9998;3
93900;SUBMISSION;;STARFRUIT;SEASHELLS;4985;1
93900;;;ROSES;SEASHELLS;14251;4
93900;;;AMETHYSTS;SEASHELLS;9995;1
93900;;;STARFRUIT;SEASHELLS;4987;4
94300;;;CHOCOLATE;SEASHELLS;7768;6
94300;;SUBMISSION;AMETHYSTS;SEASHELLS;10002;1
94500;;;STRAWBERRIES;SEASHELLS;3969;8
94500;;SUBMISSION;STARFRUIT;SEASHELLS;4989;1
94600;;SUBMISSION;STARFRUIT;SEASHELLS;4989;1
94600;;;STRAWBERRIES;SEASHELLS;3970;4
94600;SUBMISSION;;AMETHYSTS;SEASHELLS;9998;1
94600;;;AMETHYSTS;SEASHELLS;9998;5
94800;;;STRAWBERRIES;SEASHELLS;3970;10
95000;;;STRAWBERRIES;SEASHELLS;3968;10
95000;;SUBMISSION;STARFRUIT;SEASHELLS;4989;1
95000;;;GIFT_BASKET;SEASHELLS;69402;9
95200;;;CHOCOLATE;SEASHELLS;7765;5
95200;;SUBMISSION;AMETHYSTS;SEASHELLS;10002;1
95400;;;ROSES;SEASHELLS;14242;4
95400;;SUBMISSION;STARFRUIT;SEASHELLS;4990;11
95700;SUBMISSION;;AMETHYSTS;SEASHELLS;9998;1
96200;SUBMISSION;;STARFRUIT;SEASHELLS;4983;1
96400;;SUBMISSION;AMETHYSTS;SEASHELLS;10002;1
96600;;SUBMISSION;STARFRUIT;SEASHELLS;4986;4
96700;;SUBMISSION;AMETHYSTS;SEASHELLS;10002;1
96900;;SUBMISSION;STARFRUIT;SEASHELLS;4986;1
97100;;;GIFT_BASKET;SEASHELLS;69421;5
97500;;;STRAWBERRIES;SEASHELLS;3969;10
97600;;;AMETHYSTS;SEASHELLS;9998;1
97600;;;ROSES;SEASHELLS;14248;4
97600;;SUBMISSION;STARFRUIT;SEASHELLS;4984;2
97700;;SUBMISSION;AMETHYSTS;SEASHELLS;10004;1
97700;;;STARFRUIT;SEASHELLS;4980;1
97700;;SUBMISSION;STARFRUIT;SEASHELLS;4986;1
97700;;SUBMISSION;STARFRUIT;SEASHELLS;4986;12
97800;;;ROSES;SEASHELLS;14251;1
98100;;;ROSES;SEASHELLS;14246;7
98200;;;STRAWBERRIES;SEASHELLS;3966;11
98300;SUBMISSION;;STARFRUIT;SEASHELLS;4980;5
98400;;;ROSES;SEASHELLS;14251;5
98600;;;CHOCOLATE;SEASHELLS;7766;7
98600;;;STRAWBERRIES;SEASHELLS;3964;10
98700;SUBMISSION;;STARFRUIT;SEASHELLS;4979;2
98700;SUBMISSION;;AMETHYSTS;SEASHELLS;9997;2
98900;;SUBMISSION;STARFRUIT;SEASHELLS;4984;1
98900;;;CHOCOLATE;SEASHELLS;7766;6
98900;SUBMISSION;;AMETHYSTS;SEASHELLS;9998;1
99100;;;AMETHYSTS;SEASHELLS;9996;1
99100;SUBMISSION;;STARFRUIT;SEASHELLS;4979;1
99300;;SUBMISSION;STARFRUIT;SEASHELLS;4983;9
99500;;;STRAWBERRIES;SEASHELLS;3966;8
99500;;;ROSES;SEASHELLS;14264;2
99700;SUBMISSION;;STARFRUIT;SEASHELLS;4978;1
99900;;;AMETHYSTS;SEASHELLS;9998;1
99900;;;CHOCOLATE;SEASHELLS;7766;7
100000;;;AMETHYSTS;SEASHELLS;9998;1
100000;;SUBMISSION;ORCHIDS;SEASHELLS;1057;2
100100;;SUBMISSION;AMETHYSTS;SEASHELLS;10002;1
100100;;SUBMISSION;AMETHYSTS;SEASHELLS;10003;1
100100;;SUBMISSION;STARFRUIT;SEASHELLS;4982;1
100300;SUBMISSION;;AMETHYSTS;SEASHELLS;9998;1
100400;;SUBMISSION;STARFRUIT;SEASHELLS;4982;3
100500;SUBMISSION;;AMETHYSTS;SEASHELLS;9998;1
100600;SUBMISSION;;STARFRUIT;SEASHELLS;4979;5
100700;;;ROSES;SEASHELLS;14270;5
100800;;;AMETHYSTS;SEASHELLS;10002;5
100800;;SUBMISSION;AMETHYSTS;SEASHELLS;10002;3
100800;;;STRAWBERRIES;SEASHELLS;3969;5
101000;SUBMISSION;;STARFRUIT;SEASHELLS;4977;12
101100;SUBMISSION;;STARFRUIT;SEASHELLS;4978;2
101100;SUBMISSION;;AMETHYSTS;SEASHELLS;9997;2
101200;;;CHOCOLATE;SEASHELLS;7765;5
101200;;SUBMISSION;STARFRUIT;SEASHELLS;4983;1
101200;;;STRAWBERRIES;SEASHELLS;3967;4
101300;;;STARFRUIT;SEASHELLS;4977;1
101400;;SUBMISSION;ORCHIDS;SEASHELLS;1053;4
101400;;SUBMISSION;STARFRUIT;SEASHELLS;4983;12
101500;;;ROSES;SEASHELLS;14268;4
101900;;;STARFRUIT;SEASHELLS;4984;9
101900;;SUBMISSION;STARFRUIT;SEASHELLS;4984;6
101900;;;STARFRUIT;SEASHELLS;4979;4
101900;;;CHOCOLATE;SEASHELLS;7762;8
102000;;SUBMISSION;AMETHYSTS;SEASHELLS;10002;1
102000;;;STARFRUIT;SEASHELLS;4978;1
102000;;;GIFT_BASKET;SEASHELLS;69402;1
102000;;;GIFT_BASKET;SEASHELLS;69401;4
102100;;SUBMISSION;AMETHYSTS;SEASHELLS;10002;3
102100;;;STRAWBERRIES;SEASHELLS;3968;6
102300;SUBMISSION;;AMETHYSTS;SEASHELLS;9997;5
102400;;;GIFT_BASKET;SEASHELLS;69388;2
102500;;;STARFRUIT;SEASHELLS;4979;1
102500;;;CHOCOLATE;SEASHELLS;7766;8
102800;;;ROSES;SEASHELLS;14250;3
102900;;;AMETHYSTS;SEASHELLS;9998;2
102900;;;AMETHYSTS;SEASHELLS;9998;3
103000;;;ROSES;SEASHELLS;14249;2
103400;;;STARFRUIT;SEASHELLS;4984;9
103400;;;CHOCOLATE;SEASHELLS;7766;7
103600;;;ROSES;SEASHELLS;14249;4
103900;SUBMISSION;;STARFRUIT;SEASHELLS;4980;4
103900;;;STRAWBERRIES;SEASHELLS;3965;9
103900;;;STARFRUIT;SEASHELLS;4986;1
103900;;SUBMISSION;AMETHYSTS;SEASHELLS;10004;1
104100;SUBMISSION;;STARFRUIT;SEASHELLS;4979;8
104100;;;CHOCOLATE;SEASHELLS;7768;5
104100;SUBMISSION;;AMETHYSTS;SEASHELLS;9998;1
104200;;;STARFRUIT;SEASHELLS;4978;1
104300;;;STARFRUIT;SEASHELLS;4983;1
104300;;;STRAWBERRIES;SEASHELLS;3966;8
104400;;;STRAWBERRIES;SEASHELLS;3966;4
104400;;;CHOCOLATE;SEASHELLS;7766;8
104500;;SUBMISSION;AMETHYSTS;SEASHELLS;10000;5
104600;;;ROSES;SEASHELLS;14255;4
104700;;;STARFRUIT;SEASHELLS;4978;1
104800;;;STRAWBERRIES;SEASHELLS;3967;4
104800;;;AMETHYSTS;SEASHELLS;10002;1
104800;;;CHOCOLATE;SEASHELLS;7764;6
105000;;;ROSES;SEASHELLS;14247;4
105200;;SUBMISSION;STARFRUIT;SEASHELLS;4984;1
105300;;SUBMISSION;AMETHYSTS;SEASHELLS;10003;2
105300;;SUBMISSION;STARFRUIT;SEASHELLS;4984;2
105300;SUBMISSION;;STARFRUIT;SEASHELLS;4980;8
105400;SUBMISSION;;STARFRUIT;SEASHELLS;4980;11
105500;;;STRAWBERRIES;SEASHELLS;3967;6
105500;;SUBMISSION;STARFRUIT;SEASHELLS;4983;4
105500;;;ROSES;SEASHELLS;14245;1
105600;;;STARFRUIT;SEASHELLS;4979;1
105700;;;AMETHYSTS;SEASHELLS;9996;2
105700;SUBMISSION;;AMETHYSTS;SEASHELLS;9998;7
105700;;;AMETHYSTS;SEASHELLS;9996;6
105800;;SUBMISSION;STARFRUIT;SEASHELLS;4984;1
105800;;SUBMISSION;AMETHYSTS;SEASHELLS;10003;1
106100;;;STRAWBERRIES;SEASHELLS;3969;10
106100;;SUBMISSION;AMETHYSTS;SEASHELLS;10002;1
106300;;;STARFRUIT;SEASHELLS;4979;1
106400;;;ROSES;SEASHELLS;14244;5
106400;;SUBMISSION;STARFRUIT;SEASHELLS;4984;1
106500;;;STARFRUIT;SEASHELLS;4980;1
106600;;;CHOCOLATE;SEASHELLS;7767;6
106900;;;ROSES;SEASHELLS;14247;5
107000;;;STARFRUIT;SEASHELLS;4979;1
107100;;;CHOCOLATE;SEASHELLS;7765;7
107300;SUBMISSION;;STARFRUIT;SEASHELLS;4980;5
107400;;;STARFRUIT;SEASHELLS;4980;1
107700;;;STARFRUIT;SEASHELLS;4980;1
107900;;;STRAWBERRIES;SEASHELLS;3968;8
108000;;;STRAWBERRIES;SEASHELLS;3967;4
108000;;;STRAWBERRIES;SEASHELLS;3967;9
108000;;SUBMISSION;STARFRUIT;SEASHELLS;4985;1
108000;;;AMETHYSTS;SEASHELLS;9998;3
108000;SUBMISSION;;AMETHYSTS;SEASHELLS;9998;2
108200;;;GIFT_BASKET;SEASHELLS;69389;1
108200;;;CHOCOLATE;SEASHELLS;7759;8
108200;;;STARFRUIT;SEASHELLS;4981;1
108300;;SUBMISSION;STARFRUIT;SEASHELLS;4986;1
108400;;;CHOCOLATE;SEASHELLS;7762;7
108600;;;STRAWBERRIES;SEASHELLS;3969;6
108900;;;AMETHYSTS;SEASHELLS;9998;2
109000;;SUBMISSION;STARFRUIT;SEASHELLS;4986;1
109300;;;STARFRUIT;SEASHELLS;4986;1
109300;;SUBMISSION;AMETHYSTS;SEASHELLS;10002;5
109300;;;ROSES;SEASHELLS;14250;10
109400;;;STRAWBERRIES;SEASHELLS;3968;8
109400;;;ROSES;SEASHELLS;14247;3
109400;;SUBMISSION;AMETHYSTS;SEASHELLS;10002;1
109400;;;CHOCOLATE;SEASHELLS;7762;4
109500;;;ROSES;SEASHELLS;14249;1
109500;;SUBMISSION;AMETHYSTS;SEASHELLS;10002;1
109500;;;STRAWBERRIES;SEASHELLS;3967;3
109700;SUBMISSION;;STARFRUIT;SEASHELLS;4982;12
109700;;SUBMISSION;AMETHYSTS;SEASHELLS;10003;3
109800;;SUBMISSION;ORCHIDS;SEASHELLS;1059;8
109800;;;ROSES;SEASHELLS;14251;3
109800;;SUBMISSION;STARFRUIT;SEASHELLS;4987;1
110100;;;GIFT_BASKET;SEASHELLS;69428;1
110200;;SUBMISSION;AMETHYSTS;SEASHELLS;10002;5
110200;;SUBMISSION;ORCHIDS;SEASHELLS;1055;10
110300;SUBMISSION;;AMETHYSTS;SEASHELLS;9997;9
110300;;SUBMISSION;AMETHYSTS;SEASHELLS;10002;1
110400;;;GIFT_BASKET;SEASHELLS;69434;1
110400;SUBMISSION;;AMETHYSTS;SEASHELLS;9998;6
110700;;;ORCHIDS;SEASHELLS;1055;4
110800;;;ROSES;SEASHELLS;14242;3
111200;SUBMISSION;;AMETHYSTS;SEASHELLS;9998;1
111300;;SUBMISSION;STARFRUIT;SEASHELLS;4986;1
111300;;SUBMISSION;AMETHYSTS;SEASHELLS;10001;1
111300;;SUBMISSION;STARFRUIT;SEASHELLS;4985;2
111300;;;ROSES;SEASHELLS;14249;5
111400;;;GIFT_BASKET;SEASHELLS;69416;2
111400;;;STARFRUIT;SEASHELLS;4981;1
111500;;SUBMISSION;STARFRUIT;SEASHELLS;4986;1
111500;;SUBMISSION;AMETHYSTS;SEASHELLS;10004;5
111800;;;STRAWBERRIES;SEASHELLS;3970;5
111900;SUBMISSION;;AMETHYSTS;SEASHELLS;9998;5
111900;;;STARFRUIT;SEASHELLS;4987;1
112100;;;STARFRUIT;SEASHELLS;4982;1
112100;SUBMISSION;;AMETHYSTS;SEASHELLS;9998;1
112400;;;ROSES;SEASHELLS;14250;4
112400;;;GIFT_BASKET;SEASHELLS;69465;1
112400;;SUBMISSION;AMETHYSTS;SEASHELLS;10002;1
112600;;SUBMISSION;AMETHYSTS;SEASHELLS;10002;1
112700;;;ORCHIDS;SEASHELLS;1051;4
112700;;;CHOCOLATE;SEASHELLS;7764;6
112800;SUBMISSION;;AMETHYSTS;SEASHELLS;9998;1
112800;;SUBMISSION;ORCHIDS;SEASHELLS;1052;8
112800;;;CHOCOLATE;SEASHELLS;7763;5
112900;;;STRAWBERRIES;SEASHELLS;3970;9
113100;;;AMETHYSTS;SEASHELLS;9998;1
113200;;;STRAWBERRIES;SEASHELLS;3971;8
113300;;;ROSES;SEASHELLS;14260;4
113300;;;ROSES;SEASHELLS;14259;11
113300;;SUBMISSION;STARFRUIT;SEASHELLS;4987;1
113500;;SUBMISSION;STARFRUIT;SEASHELLS;4987;1
113500;;;STRAWBERRIES;SEASHELLS;3971;5
113600;;SUBMISSION;AMETHYSTS;SEASHELLS;10003;10
113600;;;GIFT_BASKET;SEASHELLS;69529;2
113700;;SUBMISSION;STARFRUIT;SEASHELLS;4987;1
113800;;SUBMISSION;AMETHYSTS;SEASHELLS;10002;1
114100;;SUBMISSION;AMETHYSTS;SEASHELLS;10002;1
114500;;;GIFT_BASKET;SEASHELLS;69489;2
114500;;;GIFT_BASKET;SEASHELLS;69489;1
114600;;SUBMISSION;AMETHYSTS;SEASHELLS;10002;1
114700;SUBMISSION;;AMETHYSTS;SEASHELLS;9998;1
114700;;;STARFRUIT;SEASHELLS;4980;1
114800;;;CHOCOLATE;SEASHELLS;7769;7
115200;SUBMISSION;;AMETHYSTS;SEASHELLS;9997;2
115300;;SUBMISSION;STARFRUIT;SEASHELLS;4984;1
115400;;;ROSES;SEASHELLS;14252;5
115400;;;ROSES;SEASHELLS;14252;4
115400;;SUBMISSION;ORCHIDS;SEASHELLS;1050;100
115500;SUBMISSION;;STARFRUIT;SEASHELLS;4979;1
115500;;SUBMISSION;ORCHIDS;SEASHELLS;1049;100
115600;;;STRAWBERRIES;SEASHELLS;3972;5
115700;;;STRAWBERRIES;SEASHELLS;3972;11
115700;;SUBMISSION;STARFRUIT;SEASHELLS;4983;1
115800;;;STRAWBERRIES;SEASHELLS;3973;9
115900;SUBMISSION;;STARFRUIT;SEASHELLS;4979;4
116000;;;STRAWBERRIES;SEASHELLS;3974;4
116000;;SUBMISSION;ORCHIDS;SEASHELLS;1049;100
116100;;;STRAWBERRIES;SEASHELLS;3972;9
116100;;;AMETHYSTS;SEASHELLS;10002;1
116100;;SUBMISSION;STARFRUIT;SEASHELLS;4983;12
116200;;;ROSES;SEASHELLS;14250;1
116400;SUBMISSION;;AMETHYSTS;SEASHELLS;9998;1
116500;;SUBMISSION;ORCHIDS;SEASHELLS;1050;100
116500;;;ROSES;SEASHELLS;14246;2
116600;SUBMISSION;;STARFRUIT;SEASHELLS;4980;6
116800;;;STRAWBERRIES;SEASHELLS;3972;10
116800;;SUBMISSION;ORCHIDS;SEASHELLS;1050;100
116900;;SUBMISSION;AMETHYSTS;SEASHELLS;10002;5
117100;SUBMISSION;;STARFRUIT;SEASHELLS;4976;2
117200;;;STRAWBERRIES;SEASHELLS;3973;5
117300;;;STRAWBERRIES;SEASHELLS;3972;8
117300;;SUBMISSION;AMETHYSTS;SEASHELLS;10002;4
117500;SUBMISSION;;AMETHYSTS;SEASHELLS;9998;2
117600;;SUBMISSION;AMETHYSTS;SEASHELLS;10002;4
117600;;SUBMISSION;ORCHIDS;SEASHELLS;1047;100
117900;;SUBMISSION;ORCHIDS;SEASHELLS;1046;100
118000;;SUBMISSION;ORCHIDS;SEASHELLS;1046;100
118100;;;AMETHYSTS;SEASHELLS;10002;2
118100;;;STRAWBERRIES;SEASHELLS;3973;4
118300;SUBMISSION;;AMETHYSTS;SEASHELLS;9998;1
118400;;;CHOCOLATE;SEASHELLS;7767;7
118500;;SUBMISSION;STARFRUIT;SEASHELLS;4979;1
118800;;SUBMISSION;ORCHIDS;SEASHELLS;1043;7
118800;;SUBMISSION;ORCHIDS;SEASHELLS;1043;93
118800;;;CHOCOLATE;SEASHELLS;7766;8
118900;SUBMISSION;;AMETHYSTS;SEASHELLS;9998;1
118900;;SUBMISSION;ORCHIDS;SEASHELLS;1044;100
119100;;SUBMISSION;AMETHYSTS;SEASHELLS;10002;1
119100;;;STRAWBERRIES;SEASHELLS;3974;6
119200;;SUBMISSION;STARFRUIT;SEASHELLS;4980;1
119200;;SUBMISSION;STARFRUIT;SEASHELLS;4979;5
119300;;;STRAWBERRIES;SEASHELLS;3972;3
119400;;SUBMISSION;ORCHIDS;SEASHELLS;1046;100
119400;;;STARFRUIT;SEASHELLS;4981;1
119500;;SUBMISSION;ORCHIDS;SEASHELLS;1046;100
119500;SUBMISSION;;AMETHYSTS;SEASHELLS;9996;4
119500;;SUBMISSION;AMETHYSTS;SEASHELLS;10002;1
119600;;SUBMISSION;AMETHYSTS;SEASHELLS;10000;3
119600;;;STRAWBERRIES;SEASHELLS;3971;9
119600;;;GIFT_BASKET;SEASHELLS;69542;1
119700;;SUBMISSION;AMETHYSTS;SEASHELLS;10002;1
119700;;;STRAWBERRIES;SEASHELLS;3971;6
119800;;;CHOCOLATE;SEASHELLS;7761;7
119800;;SUBMISSION;STARFRUIT;SEASHELLS;4980;8
120000;;;ROSES;SEASHELLS;14252;1
120100;SUBMISSION;;STARFRUIT;SEASHELLS;4976;2
120100;SUBMISSION;;AMETHYSTS;SEASHELLS;9996;2
120200;;SUBMISSION;AMETHYSTS;SEASHELLS;10003;10
120200;;;ROSES;SEASHELLS;14248;5
120400;;;STARFRUIT;SEASHELLS;4975;1
120500;SUBMISSION;;STARFRUIT;SEASHELLS;4976;14
120500;;SUBMISSION;STARFRUIT;SEASHELLS;4980;1
120600;;SUBMISSION;STARFRUIT;SEASHELLS;4979;5
120600;;;STRAWBERRIES;SEASHELLS;3970;3
120700;SUBMISSION;;AMETHYSTS;SEASHELLS;9998;1
120800;;;CHOCOLATE;SEASHELLS;7764;5
121000;;SUBMISSION;AMETHYSTS;SEASHELLS;10002;1
121000;;;STRAWBERRIES;SEASHELLS;3971;8
121100;;SUBMISSION;AMETHYSTS;SEASHELLS;10002;1
121100;;;ROSES;SEASHELLS;14236;1
121100;;;CHOCOLATE;SEASHELLS;7764;8
121100;;SUBMISSION;ORCHIDS;SEASHELLS;1051;100
121200;;;STRAWBERRIES;SEASHELLS;3972;3
121300;;;ROSES;SEASHELLS;14238;4
121300;SUBMISSION;;AMETHYSTS;SEASHELLS;9998;1
121500;SUBMISSION;;STARFRUIT;SEASHELLS;4980;2
121500;SUBMISSION;;AMETHYSTS;SEASHELLS;10000;2
121500;SUBMISSION;;AMETHYSTS;SEASHELLS;9998;3
121800;SUBMISSION;;STARFRUIT;SEASHELLS;4977;5
122000;;;ROSES;SEASHELLS;14221;4
122100;;;ROSES;SEASHELLS;14221;5
122100;;SUBMISSION;STARFRUIT;SEASHELLS;4982;2
122100;;SUBMISSION;ORCHIDS;SEASHELLS;1052;5
122100;;SUBMISSION;AMETHYSTS;SEASHELLS;10003;2
122300;;;ROSES;SEASHELLS;14215;2
122300;;;STRAWBERRIES;SEASHELLS;3971;4
122400;SUBMISSION;;AMETHYSTS;SEASHELLS;9998;4
122500;SUBMISSION;;AMETHYSTS;SEASHELLS;9998;5
122600;SUBMISSION;;AMETHYSTS;SEASHELLS;9998;4
122600;;SUBMISSION;STARFRUIT;SEASHELLS;4981;1
122700;;SUBMISSION;ORCHIDS;SEASHELLS;1051;100
122800;;;AMETHYSTS;SEASHELLS;9998;1
122900;SUBMISSION;;STARFRUIT;SEASHELLS;4977;4
123000;;;ROSES;SEASHELLS;14225;1
123100;;;STRAWBERRIES;SEASHELLS;3972;7
123300;;;GIFT_BASKET;SEASHELLS;69485;1
123300;;;CHOCOLATE;SEASHELLS;7761;6
123300;;;STRAWBERRIES;SEASHELLS;3972;7
123400;;;AMETHYSTS;SEASHELLS;9998;1
123500;SUBMISSION;;AMETHYSTS;SEASHELLS;9998;1
123600;;;STRAWBERRIES;SEASHELLS;3973;10
123700;;;CHOCOLATE;SEASHELLS;7762;8
123700;;;CHOCOLATE;SEASHELLS;7762;7
123700;;SUBMISSION;STARFRUIT;SEASHELLS;4980;3
124100;;;ROSES;SEASHELLS;14228;5
124100;;;STARFRUIT;SEASHELLS;4976;1
124100;;SUBMISSION;ORCHIDS;SEASHELLS;1052;100
124100;;;CHOCOLATE;SEASHELLS;7766;8
124200;SUBMISSION;;AMETHYSTS;SEASHELLS;9998;11
124200;;SUBMISSION;AMETHYSTS;SEASHELLS;10003;1
124200;;SUBMISSION;STARFRUIT;SEASHELLS;4978;1
124300;SUBMISSION;;AMETHYSTS;SEASHELLS;9998;1
124400;;SUBMISSION;STARFRUIT;SEASHELLS;4979;1
124400;;SUBMISSION;AMETHYSTS;SEASHELLS;10001;1
124500;SUBMISSION;;AMETHYSTS;SEASHELLS;9998;2
124500;;;AMETHYSTS;SEASHELLS;9998;3
124600;;;STRAWBERRIES;SEASHELLS;3971;4
124600;;SUBMISSION;STARFRUIT;SEASHELLS;4981;1
124800;;SUBMISSION;STARFRUIT;SEASHELLS;4981;1
124900;;;STARFRUIT;SEASHELLS;4975;1
125100;;;AMETHYSTS;SEASHELLS;9995;2
125100;SUBMISSION;;STARFRUIT;SEASHELLS;4976;2
125200;;SUBMISSION;AMETHYSTS;SEASHELLS;10002;1
125200;;SUBMISSION;ORCHIDS;SEASHELLS;1049;100
125200;;;STRAWBERRIES;SEASHELLS;3972;6
125200;;;STARFRUIT;SEASHELLS;4976;1
125300;SUBMISSION;;AMETHYSTS;SEASHELLS;9998;1
125700;SUBMISSION;;STARFRUIT;SEASHELLS;4978;2
125700;;SUBMISSION;ORCHIDS;SEASHELLS;1049;100
125700;;;AMETHYSTS;SEASHELLS;9996;1
125800;;;AMETHYSTS;SEASHELLS;9998;1
125800;SUBMISSION;;STARFRUIT;SEASHELLS;4979;1
125900;;;STARFRUIT;SEASHELLS;4980;5
125900;;;ROSES;SEASHELLS;14228;3
126000;SUBMISSION;;STARFRUIT;SEASHELLS;4978;2
126000;;;AMETHYSTS;SEASHELLS;9996;1
126200;;SUBMISSION;ORCHIDS;SEASHELLS;1050;100
126300;;;AMETHYSTS;SEASHELLS;10002;1
126300;;SUBMISSION;ORCHIDS;SEASHELLS;1050;100
126400;;SUBMISSION;AMETHYSTS;SEASHELLS;10002;1
126400;;SUBMISSION;ORCHIDS;SEASHELLS;1049;100
126500;;SUBMISSION;AMETHYSTS;SEASHELLS;10002;9
126500;;;ROSES;SEASHELLS;14212;1
126500;;SUBMISSION;STARFRUIT;SEASHELLS;4981;2
126600;;SUBMISSION;STARFRUIT;SEASHELLS;4981;9
126800;SUBMISSION;;AMETHYSTS;SEASHELLS;9998;1
126800;;;GIFT_BASKET;SEASHELLS;69423;1
126900;;;STRAWBERRIES;SEASHELLS;3971;5
126900;SUBMISSION;;AMETHYSTS;SEASHELLS;9998;1
127100;;;STRAWBERRIES;SEASHELLS;3971;8
127200;;;STRAWBERRIES;SEASHELLS;3970;8
127300;SUBMISSION;;AMETHYSTS;SEASHELLS;9998;2
127400;SUBMISSION;;AMETHYSTS;SEASHELLS;9997;6
127400;;;AMETHYSTS;SEASHELLS;9997;3
127500;;SUBMISSION;AMETHYSTS;SEASHELLS;10002;5
127700;SUBMISSION;;AMETHYSTS;SEASHELLS;9998;1
127800;;;CHOCOLATE;SEASHELLS;7753;5
127900;SUBMISSION;;AMETHYSTS;SEASHELLS;9998;4
128000;;SUBMISSION;AMETHYSTS;SEASHELLS;10002;10
128000;SUBMISSION;;STARFRUIT;SEASHELLS;4976;1
128000;;;ROSES;SEASHELLS;14218;5
128100;SUBMISSION;;STARFRUIT;SEASHELLS;4976;2
128100;;SUBMISSION;AMETHYSTS;SEASHELLS;10002;1
128100;SUBMISSION;;AMETHYSTS;SEASHELLS;9996;2
128100;SUBMISSION;;STARFRUIT;SEASHELLS;4977;4
128200;SUBMISSION;;AMETHYSTS;SEASHELLS;9998;1
128200;SUBMISSION;;STARFRUIT;SEASHELLS;4976;9
128300;;SUBMISSION;ORCHIDS;SEASHELLS;1047;100
128300;;SUBMISSION;STARFRUIT;SEASHELLS;4980;8
128500;;SUBMISSION;ORCHIDS;SEASHELLS;1049;100
128500;;SUBMISSION;AMETHYSTS;SEASHELLS;10002;1
128500;;;CHOCOLATE;SEASHELLS;7757;5
128600;;;CHOCOLATE;SEASHELLS;7756;6
128600;;;STRAWBERRIES;SEASHELLS;3970;10
128600;SUBMISSION;;STARFRUIT;SEASHELLS;4974;10
128600;;;STARFRUIT;SEASHELLS;4973;1
128700;;SUBMISSION;ORCHIDS;SEASHELLS;1048;9
128700;;SUBMISSION;AMETHYSTS;SEASHELLS;10000;4
128800;;;STARFRUIT;SEASHELLS;4973;1
128900;;;STRAWBERRIES;SEASHELLS;3969;10
128900;;;ROSES;SEASHELLS;14222;1
129000;;SUBMISSION;STARFRUIT;SEASHELLS;4978;1
129000;;;ROSES;SEASHELLS;14221;5
129200;;;STARFRUIT;SEASHELLS;4978;1
129200;;;STARFRUIT;SEASHELLS;4976;2
129300;SUBMISSION;;AMETHYSTS;SEASHELLS;9997;8
129300;;SUBMISSION;ORCHIDS;SEASHELLS;1052;100
129400;;SUBMISSION;STARFRUIT;SEASHELLS;4977;1
129400;SUBMISSION;;AMETHYSTS;SEASHELLS;9997;5
129400;;SUBMISSION;AMETHYSTS;SEASHELLS;10002;6
129500;;SUBMISSION;AMETHYSTS;SEASHELLS;10001;1
129500;;SUBMISSION;STARFRUIT;SEASHELLS;4978;1
129600;;;ROSES;SEASHELLS;14219;1
129600;SUBMISSION;;STARFRUIT;SEASHELLS;4973;1
129700;;;STARFRUIT;SEASHELLS;4973;1
129800;;;STARFRUIT;SEASHELLS;4973;1
129800;SUBMISSION;;AMETHYSTS;SEASHELLS;9997;1
129800;SUBMISSION;;STARFRUIT;SEASHELLS;4974;1
129900;;SUBMISSION;STARFRUIT;SEASHELLS;4978;1
130000;;;GIFT_BASKET;SEASHELLS;69396;7
130000;;;AMETHYSTS;SEASHELLS;10002;1
130200;;SUBMISSION;STARFRUIT;SEASHELLS;4977;1
130200;;SUBMISSION;ORCHIDS;SEASHELLS;1054;100
130200;;;STRAWBERRIES;SEASHELLS;3970;5
130300;SUBMISSION;;STARFRUIT;SEASHELLS;4972;1
130300;;SUBMISSION;ORCHIDS;SEASHELLS;1053;100
130400;;SUBMISSION;ORCHIDS;SEASHELLS;1056;5
130500;;SUBMISSION;AMETHYSTS;SEASHELLS;10003;2
130500;;SUBMISSION;STARFRUIT;SEASHELLS;4977;2
130500;SUBMISSION;;AMETHYSTS;SEASHELLS;9998;1
130600;;;ROSES;SEASHELLS;14221;3
130700;;SUBMISSION;ORCHIDS;SEASHELLS;1054;100
130800;;;STARFRUIT;SEASHELLS;4970;1
130800;SUBMISSION;;AMETHYSTS;SEASHELLS;9998;1
131000;;;AMETHYSTS;SEASHELLS;9998;1
131000;SUBMISSION;;STARFRUIT;SEASHELLS;4970;1
131200;;SUBMISSION;STARFRUIT;SEASHELLS;4973;5
131300;;SUBMISSION;AMETHYSTS;SEASHELLS;10002;4
131300;;;STRAWBERRIES;SEASHELLS;3970;7
131400;SUBMISSION;;AMETHYSTS;SEASHELLS;9998;10
131400;;SUBMISSION;ORCHIDS;SEASHELLS;1057;100
131500;;SUBMISSION;AMETHYSTS;SEASHELLS;10003;1
131500;;SUBMISSION;STARFRUIT;SEASHELLS;4974;1
131500;;;STARFRUIT;SEASHELLS;4969;1
131600;SUBMISSION;;AMETHYSTS;SEASHELLS;9998;1
131600;;;AMETHYSTS;SEASHELLS;9998;1
131700;;;CHOCOLATE;SEASHELLS;7759;9
131800;;;STRAWBERRIES;SEASHELLS;3971;8
131800;;SUBMISSION;STARFRUIT;SEASHELLS;4973;2
131800;;SUBMISSION;AMETHYSTS;SEASHELLS;10003;2
131800;;SUBMISSION;STARFRUIT;SEASHELLS;4973;13
131900;;;STRAWBERRIES;SEASHELLS;3971;4
131900;;SUBMISSION;STARFRUIT;SEASHELLS;4973;1
132000;SUBMISSION;;AMETHYSTS;SEASHELLS;9997;1
132000;SUBMISSION;;STARFRUIT;SEASHELLS;4969;1
132100;;SUBMISSION;ORCHIDS;SEASHELLS;1058;10
132200;;;STARFRUIT;SEASHELLS;4967;1
132200;;;CHOCOLATE;SEASHELLS;7759;5
132200;;;AMETHYSTS;SEASHELLS;9998;1
132200;;SUBMISSION;AMETHYSTS;SEASHELLS;10000;5
132300;SUBMISSION;;STARFRUIT;SEASHELLS;4970;3
132500;;;STARFRUIT;SEASHELLS;4967;1
132700;;SUBMISSION;AMETHYSTS;SEASHELLS;10002;7
132800;;SUBMISSION;STARFRUIT;SEASHELLS;4971;1
132800;;;ROSES;SEASHELLS;14225;2
132900;;SUBMISSION;STARFRUIT;SEASHELLS;4971;5
132900;;SUBMISSION;ORCHIDS;SEASHELLS;1057;100
133000;SUBMISSION;;STARFRUIT;SEASHELLS;4967;10
133200;;;STRAWBERRIES;SEASHELLS;3972;10
133200;;SUBMISSION;ORCHIDS;SEASHELLS;1057;100
133300;;SUBMISSION;AMETHYSTS;SEASHELLS;10003;1
133300;;SUBMISSION;STARFRUIT;SEASHELLS;4971;1
133400;SUBMISSION;;STARFRUIT;SEASHELLS;4967;3
133400;;;STARFRUIT;SEASHELLS;4966;1
133500;;;STARFRUIT;SEASHELLS;4966;1
133500;;;STARFRUIT;SEASHELLS;4970;2
133500;;;STARFRUIT;SEASHELLS;4970;3
133500;SUBMISSION;;AMETHYSTS;SEASHELLS;9996;2
133500;;SUBMISSION;STARFRUIT;SEASHELLS;4970;7
133500;;SUBMISSION;AMETHYSTS;SEASHELLS;10002;4
133700;;SUBMISSION;STARFRUIT;SEASHELLS;4973;2
133700;;SUBMISSION;AMETHYSTS;SEASHELLS;10003;2
133800;;SUBMISSION;AMETHYSTS;SEASHELLS;10002;1
133900;;;CHOCOLATE;SEASHELLS;7758;5
133900;;SUBMISSION;ORCHIDS;SEASHELLS;1060;3
134100;;;ROSES;SEASHELLS;14218;1
134400;;SUBMISSION;ORCHIDS;SEASHELLS;1053;100
134500;;SUBMISSION;AMETHYSTS;SEASHELLS;10002;1
134600;;SUBMISSION;AMETHYSTS;SEASHELLS;10002;5
134600;;SUBMISSION;AMETHYSTS;SEASHELLS;10002;1
134700;SUBMISSION;;STARFRUIT;SEASHELLS;4970;3
134700;SUBMISSION;;AMETHYSTS;SEASHELLS;10000;3
134800;;;STARFRUIT;SEASHELLS;4967;1
134800;;;STRAWBERRIES;SEASHELLS;3971;6
134900;;;ROSES;SEASHELLS;14219;3
135000;;;STRAWBERRIES;SEASHELLS;3971;5
135000;SUBMISSION;;AMETHYSTS;SEASHELLS;9998;1
135000;;SUBMISSION;ORCHIDS;SEASHELLS;1055;100
135100;;SUBMISSION;AMETHYSTS;SEASHELLS;10002;1
135100;;;STARFRUIT;SEASHELLS;4973;1
135100;;;CHOCOLATE;SEASHELLS;7754;6
135200;;;GIFT_BASKET;SEASHELLS;69327;1
135300;;;STRAWBERRIES;SEASHELLS;3973;8
135500;;SUBMISSION;STARFRUIT;SEASHELLS;4972;1
135500;;;STARFRUIT;SEASHELLS;4972;4
135600;;;CHOCOLATE;SEASHELLS;7757;7
135600;;;STRAWBERRIES;SEASHELLS;3971;4
135700;;SUBMISSION;AMETHYSTS;SEASHELLS;10002;8
135700;;;AMETHYSTS;SEASHELLS;9998;4
135700;;SUBMISSION;STARFRUIT;SEASHELLS;4973;1
135900;;;ROSES;SEASHELLS;14214;3
136000;;;AMETHYSTS;SEASHELLS;10002;1
136000;;SUBMISSION;STARFRUIT;SEASHELLS;4974;1
136200;;;STARFRUIT;SEASHELLS;4974;1
136200;;;AMETHYSTS;SEASHELLS;10002;1
136200;SUBMISSION;;AMETHYSTS;SEASHELLS;10000;3
136200;;SUBMISSION;STARFRUIT;SEASHELLS;4974;1
136200;SUBMISSION;;STARFRUIT;SEASHELLS;4971;3
136200;;;ROSES;SEASHELLS;14213;5
136200;;;GIFT_BASKET;SEASHELLS;69324;1
136600;;;CHOCOLATE;SEASHELLS;7762;5
136600;;;ROSES;SEASHELLS;14216;5
136700;;;CHOCOLATE;SEASHELLS;7762;5
136900;;;STRAWBERRIES;SEASHELLS;3973;5
137100;;SUBMISSION;AMETHYSTS;SEASHELLS;10004;7
137100;;;ROSES;SEASHELLS;14219;2
137200;;;CHOCOLATE;SEASHELLS;7762;5
137300;;SUBMISSION;STARFRUIT;SEASHELLS;4977;1
137400;;SUBMISSION;STARFRUIT;SEASHELLS;4977;1
137600;SUBMISSION;;AMETHYSTS;SEASHELLS;9996;11
137700;;;AMETHYSTS;SEASHELLS;9998;1
137700;;;STRAWBERRIES;SEASHELLS;3971;3
137800;;;STRAWBERRIES;SEASHELLS;3971;12
137900;;;AMETHYSTS;SEASHELLS;9998;1
137900;;;CHOCOLATE;SEASHELLS;7763;6
138000;;;ROSES;SEASHELLS;14222;5
138000;;;STARFRUIT;SEASHELLS;4972;1
138100;;SUBMISSION;ORCHIDS;SEASHELLS;1045;8
138100;;SUBMISSION;AMETHYSTS;SEASHELLS;10002;1
138300;;;ROSES;SEASHELLS;14217;3
138300;;SUBMISSION;AMETHYSTS;SEASHELLS;10002;1
138400;;SUBMISSION;ORCHIDS;SEASHELLS;1046;10
138500;;;STARFRUIT;SEASHELLS;4976;2
138500;;;ORCHIDS;SEASHELLS;1044;4
138500;;SUBMISSION;AMETHYSTS;SEASHELLS;10003;2
138700;;;CHOCOLATE;SEASHELLS;7760;6
138800;;SUBMISSION;ORCHIDS;SEASHELLS;1047;100
138800;;;ROSES;SEASHELLS;14211;5
139000;;SUBMISSION;STARFRUIT;SEASHELLS;4977;1
139200;;SUBMISSION;STARFRUIT;SEASHELLS;4977;1
139200;;SUBMISSION;ORCHIDS;SEASHELLS;1049;100
139200;SUBMISSION;;STARFRUIT;SEASHELLS;4972;1
139200;;SUBMISSION;AMETHYSTS;SEASHELLS;10001;1
139300;;SUBMISSION;ORCHIDS;SEASHELLS;1049;100
139500;;;STRAWBERRIES;SEASHELLS;3970;5
139800;;SUBMISSION;STARFRUIT;SEASHELLS;4975;3
139800;;;STARFRUIT;SEASHELLS;4975;2
139800;;SUBMISSION;ORCHIDS;SEASHELLS;1050;100
139800;;;CHOCOLATE;SEASHELLS;7757;7
140100;SUBMISSION;;AMETHYSTS;SEASHELLS;9999;2
140100;;;STARFRUIT;SEASHELLS;4971;1
140400;;;STRAWBERRIES;SEASHELLS;3972;6
140500;;SUBMISSION;AMETHYSTS;SEASHELLS;10002;1
140600;SUBMISSION;;AMETHYSTS;SEASHELLS;9997;2
140700;;;STARFRUIT;SEASHELLS;4977;1
140900;;;ROSES;SEASHELLS;14185;5
141000;;;CHOCOLATE;SEASHELLS;7764;7
141000;;;ROSES;SEASHELLS;14187;5
141100;;;STARFRUIT;SEASHELLS;4974;1
141100;;SUBMISSION;STARFRUIT;SEASHELLS;4979;2
141100;;SUBMISSION;AMETHYSTS;SEASHELLS;10001;2
141300;;SUBMISSION;STARFRUIT;SEASHELLS;4979;1
141500;;;STARFRUIT;SEASHELLS;4974;1
141500;;;STRAWBERRIES;SEASHELLS;3971;8
141500;;;STRAWBERRIES;SEASHELLS;3972;4
141600;SUBMISSION;;AMETHYSTS;SEASHELLS;9997;6
141700;;SUBMISSION;STARFRUIT;SEASHELLS;4979;1
141800;;;GIFT_BASKET;SEASHELLS;69375;1
141800;;;GIFT_BASKET;SEASHELLS;69375;5
141900;;;STARFRUIT;SEASHELLS;4978;6
141900;;;STARFRUIT;SEASHELLS;4978;2
141900;SUBMISSION;;AMETHYSTS;SEASHELLS;10000;2
142000;SUBMISSION;;AMETHYSTS;SEASHELLS;9998;1
142100;SUBMISSION;;STARFRUIT;SEASHELLS;4974;8
142200;SUBMISSION;;AMETHYSTS;SEASHELLS;9998;1
142400;;;STARFRUIT;SEASHELLS;4976;3
142500;;;STARFRUIT;SEASHELLS;4978;1
142500;;;GIFT_BASKET;SEASHELLS;69347;1
142600;;;STARFRUIT;SEASHELLS;4975;1
142600;SUBMISSION;;STARFRUIT;SEASHELLS;4973;8
142600;SUBMISSION;;STARFRUIT;SEASHELLS;4975;4
142700;;SUBMISSION;AMETHYSTS;SEASHELLS;10002;4
142800;;SUBMISSION;STARFRUIT;SEASHELLS;4978;1
142800;;SUBMISSION;AMETHYSTS;SEASHELLS;10003;1
142900;;;STARFRUIT;SEASHELLS;4972;1
142900;;;ROSES;SEASHELLS;14191;3
143000;;;STARFRUIT;SEASHELLS;4972;1
143000;;SUBMISSION;STARFRUIT;SEASHELLS;4977;1
143000;;SUBMISSION;ORCHIDS;SEASHELLS;1050;100
143000;;SUBMISSION;AMETHYSTS;SEASHELLS;10003;1
143100;;;ROSES;SEASHELLS;14192;1
143200;;;ROSES;SEASHELLS;14195;2
143300;;SUBMISSION;ORCHIDS;SEASHELLS;1051;5
143400;SUBMISSION;;STARFRUIT;SEASHELLS;4974;2
143400;SUBMISSION;;AMETHYSTS;SEASHELLS;10000;4
143400;;;STARFRUIT;SEASHELLS;4977;1
143500;;;STARFRUIT;SEASHELLS;4972;1
143500;SUBMISSION;;AMETHYSTS;SEASHELLS;9998;1
143600;;SUBMISSION;AMETHYSTS;SEASHELLS;10004;1
143600;;SUBMISSION;STARFRUIT;SEASHELLS;4978;1
143600;;;STARFRUIT;SEASHELLS;4977;1
143900;SUBMISSION;;AMETHYSTS;SEASHELLS;9996;4
144100;;;GIFT_BASKET;SEASHELLS;69352;2
144100;;;GIFT_BASKET;SEASHELLS;69353;2
144200;SUBMISSION;;AMETHYSTS;SEASHELLS;9998;11
144200;SUBMISSION;;AMETHYSTS;SEASHELLS;9998;1
144200;;SUBMISSION;ORCHIDS;SEASHELLS;1050;100
144300;;;CHOCOLATE;SEASHELLS;7760;5
144400;;SUBMISSION;AMETHYSTS;SEASHELLS;10002;1
144400;;;ROSES;SEASHELLS;14190;1
144600;;SUBMISSION;ORCHIDS;SEASHELLS;1050;100
144600;;;GIFT_BASKET;SEASHELLS;69386;2
144600;;;STARFRUIT;SEASHELLS;4978;1
144700;SUBMISSION;;STARFRUIT;SEASHELLS;4973;13
145100;;SUBMISSION;ORCHIDS;SEASHELLS;1050;100
145200;;;STARFRUIT;SEASHELLS;4973;1
145200;SUBMISSION;;STARFRUIT;SEASHELLS;4973;3
145200;;;ROSES;SEASHELLS;14174;3
145300;;SUBMISSION;STARFRUIT;SEASHELLS;4978;1
145300;SUBMISSION;;AMETHYSTS;SEASHELLS;9998;4
145400;;;ROSES;SEASHELLS;14174;2
145500;SUBMISSION;;STARFRUIT;SEASHELLS;4975;1
145600;;;STARFRUIT;SEASHELLS;4975;1
145600;;;STRAWBERRIES;SEASHELLS;3969;10
145600;;;STARFRUIT;SEASHELLS;4974;13
145700;;;ROSES;SEASHELLS;14176;2
145700;;SUBMISSION;STARFRUIT;SEASHELLS;4979;1
145700;;;STRAWBERRIES;SEASHELLS;3969;6
145900;;SUBMISSION;STARFRUIT;SEASHELLS;4979;7
145900;;SUBMISSION;ORCHIDS;SEASHELLS;1051;100
146000;;SUBMISSION;ORCHIDS;SEASHELLS;1051;100
146300;;;AMETHYSTS;SEASHELLS;10002;1
146300;;;STRAWBERRIES;SEASHELLS;3969;10
146300;;;STARFRUIT;SEASHELLS;4977;1
146300;SUBMISSION;;STARFRUIT;SEASHELLS;4977;3
146400;;;CHOCOLATE;SEASHELLS;7765;8
146400;;SUBMISSION;ORCHIDS;SEASHELLS;1047;9
146400;;;STARFRUIT;SEASHELLS;4976;1
146400;;;AMETHYSTS;SEASHELLS;9998;1
146500;;SUBMISSION;STARFRUIT;SEASHELLS;4981;8
146500;SUBMISSION;;AMETHYSTS;SEASHELLS;9998;1
146600;;;AMETHYSTS;SEASHELLS;9998;1
146600;;SUBMISSION;AMETHYSTS;SEASHELLS;10004;10
146600;;;GIFT_BASKET;SEASHELLS;69426;6
146700;;SUBMISSION;AMETHYSTS;SEASHELLS;10002;4
146800;;;ROSES;SEASHELLS;14162;3
146900;;SUBMISSION;AMETHYSTS;SEASHELLS;10002;1
146900;SUBMISSION;;STARFRUIT;SEASHELLS;4978;4
147000;SUBMISSION;;STARFRUIT;SEASHELLS;4977;1
147000;SUBMISSION;;AMETHYSTS;SEASHELLS;9998;5
147300;SUBMISSION;;AMETHYSTS;SEASHELLS;9998;1
147400;;;CHOCOLATE;SEASHELLS;7763;7
147500;;SUBMISSION;AMETHYSTS;SEASHELLS;10002;5
147500;;SUBMISSION;STARFRUIT;SEASHELLS;4980;1
147600;;;CHOCOLATE;SEASHELLS;7764;6
147800;;SUBMISSION;AMETHYSTS;SEASHELLS;10001;6
147800;;SUBMISSION;STARFRUIT;SEASHELLS;4981;1
147900;;;STARFRUIT;SEASHELLS;4980;1
148000;;SUBMISSION;STARFRUIT;SEASHELLS;4980;1
148000;;;STRAWBERRIES;SEASHELLS;3967;10
148100;;;STRAWBERRIES;SEASHELLS;3967;7
148100;SUBMISSION;;AMETHYSTS;SEASHELLS;9998;1
148200;;SUBMISSION;AMETHYSTS;SEASHELLS;10004;5
148300;SUBMISSION;;STARFRUIT;SEASHELLS;4977;6
148400;;SUBMISSION;AMETHYSTS;SEASHELLS;10002;2
148500;;;CHOCOLATE;SEASHELLS;7764;6
148600;;;STRAWBERRIES;SEASHELLS;3969;4
148600;;;AMETHYSTS;SEASHELLS;10000;2
148600;;;GIFT_BASKET;SEASHELLS;69446;5
148600;;;AMETHYSTS;SEASHELLS;9998;3
148700;;SUBMISSION;STARFRUIT;SEASHELLS;4981;8
148700;;;CHOCOLATE;SEASHELLS;7759;8
148800;;SUBMISSION;STARFRUIT;SEASHELLS;4981;1
149000;;;STARFRUIT;SEASHELLS;4975;1
149000;SUBMISSION;;AMETHYSTS;SEASHELLS;9998;3
149100;;;ROSES;SEASHELLS;14155;2
149200;SUBMISSION;;AMETHYSTS;SEASHELLS;9997;12
149300;;;GIFT_BASKET;SEASHELLS;69430;6
149300;;SUBMISSION;ORCHIDS;SEASHELLS;1047;8
149400;;;AMETHYSTS;SEASHELLS;9998;5
149400;;;ROSES;SEASHELLS;14156;11
149400;SUBMISSION;;STARFRUIT;SEASHELLS;4975;1
149400;SUBMISSION;;AMETHYSTS;SEASHELLS;9998;1
149400;SUBMISSION;;AMETHYSTS;SEASHELLS;9997;1
149600;;;CHOCOLATE;SEASHELLS;7760;8
149600;;;STRAWBERRIES;SEASHELLS;3968;10
149700;;;STARFRUIT;SEASHELLS;4974;1
149800;;SUBMISSION;AMETHYSTS;SEASHELLS;10002;2
149900;;;ROSES;SEASHELLS;14150;3
150100;;SUBMISSION;STARFRUIT;SEASHELLS;4978;2
150100;SUBMISSION;;AMETHYSTS;SEASHELLS;9998;2
150200;;SUBMISSION;STARFRUIT;SEASHELLS;4979;1
150300;;;ROSES;SEASHELLS;14153;1
150400;;SUBMISSION;ORCHIDS;SEASHELLS;1047;100
150600;SUBMISSION;;STARFRUIT;SEASHELLS;4976;2
150700;;;AMETHYSTS;SEASHELLS;9998;1
150900;;SUBMISSION;AMETHYSTS;SEASHELLS;10002;6
150900;;SUBMISSION;AMETHYSTS;SEASHELLS;10003;2
150900;;SUBMISSION;STARFRUIT;SEASHELLS;4982;2
151100;;;ROSES;SEASHELLS;14163;2
151300;;;STARFRUIT;SEASHELLS;4976;1
151300;SUBMISSION;;STARFRUIT;SEASHELLS;4977;2
151500;;SUBMISSION;STARFRUIT;SEASHELLS;4981;1
151700;;;STARFRUIT;SEASHELLS;4975;1
151800;;SUBMISSION;ORCHIDS;SEASHELLS;1055;100
151900;;SUBMISSION;GIFT_BASKET;SEASHELLS;69446;17
151900;;SUBMISSION;GIFT_BASKET;SEASHELLS;69448;2
151900;;SUBMISSION;STARFRUIT;SEASHELLS;4981;1
151900;;SUBMISSION;GIFT_BASKET;SEASHELLS;69447;16
152000;;;STARFRUIT;SEASHELLS;4976;1
152100;SUBMISSION;;STARFRUIT;SEASHELLS;4978;11
152100;;;CHOCOLATE;SEASHELLS;7761;5
152100;;;STARFRUIT;SEASHELLS;4976;1
152100;;;STARFRUIT;SEASHELLS;4978;1
152100;;;STRAWBERRIES;SEASHELLS;3971;4
152200;SUBMISSION;;STARFRUIT;SEASHELLS;4976;1
152300;;;STRAWBERRIES;SEASHELLS;3971;7
152300;;SUBMISSION;STARFRUIT;SEASHELLS;4980;1
152600;;SUBMISSION;AMETHYSTS;SEASHELLS;10003;1
152600;;SUBMISSION;STARFRUIT;SEASHELLS;4981;1
152700;;;STRAWBERRIES;SEASHELLS;3971;5
152700;;SUBMISSION;STARFRUIT;SEASHELLS;4980;1
152800;;SUBMISSION;ORCHIDS;SEASHELLS;1059;100
153100;;SUBMISSION;ORCHIDS;SEASHELLS;1058;7
153100;;SUBMISSION;AMETHYSTS;SEASHELLS;10004;2
153100;;SUBMISSION;STARFRUIT;SEASHELLS;4979;2
153200;;;GIFT_BASKET;SEASHELLS;69443;1
153200;;SUBMISSION;AMETHYSTS;SEASHELLS;10002;1
153300;;SUBMISSION;ORCHIDS;SEASHELLS;1058;100
153300;;;CHOCOLATE;SEASHELLS;7765;6
153400;;;STRAWBERRIES;SEASHELLS;3970;8
153400;;;STARFRUIT;SEASHELLS;4973;1
153500;SUBMISSION;;AMETHYSTS;SEASHELLS;9998;1
153500;;;CHOCOLATE;SEASHELLS;7764;8
153500;;SUBMISSION;ORCHIDS;SEASHELLS;1056;100
153600;;SUBMISSION;ORCHIDS;SEASHELLS;1060;3
153600;SUBMISSION;;AMETHYSTS;SEASHELLS;9998;1
153700;;SUBMISSION;STARFRUIT;SEASHELLS;4978;1
153700;;SUBMISSION;AMETHYSTS;SEASHELLS;10002;1
153700;;;STRAWBERRIES;SEASHELLS;3970;8
153700;;;ROSES;SEASHELLS;14157;3
153800;SUBMISSION;;STARFRUIT;SEASHELLS;4974;1
153800;SUBMISSION;;AMETHYSTS;SEASHELLS;9996;1
153900;;;STRAWBERRIES;SEASHELLS;3971;6
153900;SUBMISSION;;STARFRUIT;SEASHELLS;4975;2
154000;;;CHOCOLATE;SEASHELLS;7762;5
154000;;SUBMISSION;ORCHIDS;SEASHELLS;1058;100
154000;;SUBMISSION;AMETHYSTS;SEASHELLS;10002;1
154100;;;STARFRUIT;SEASHELLS;4973;1
154100;;;STRAWBERRIES;SEASHELLS;3971;8
154300;;;STRAWBERRIES;SEASHELLS;3969;5
154300;;;STRAWBERRIES;SEASHELLS;3971;10
154500;SUBMISSION;;AMETHYSTS;SEASHELLS;9999;2
154500;SUBMISSION;;STARFRUIT;SEASHELLS;4974;2
154900;;SUBMISSION;AMETHYSTS;SEASHELLS;10002;1
155000;;;CHOCOLATE;SEASHELLS;7763;4
155000;;;ROSES;SEASHELLS;14170;5
155000;SUBMISSION;;AMETHYSTS;SEASHELLS;9998;1
155200;;;AMETHYSTS;SEASHELLS;10002;1
155200;SUBMISSION;;STARFRUIT;SEASHELLS;4975;5
155200;;;STARFRUIT;SEASHELLS;4975;5
155200;;;STARFRUIT;SEASHELLS;4976;5
155300;;;STARFRUIT;SEASHELLS;4976;5
155400;;;CHOCOLATE;SEASHELLS;7762;8
155500;;SUBMISSION;ORCHIDS;SEASHELLS;1063;100
155700;SUBMISSION;;AMETHYSTS;SEASHELLS;9998;1
156000;;SUBMISSION;STARFRUIT;SEASHELLS;4982;1
156300;;;GIFT_BASKET;SEASHELLS;69385;2
156300;;;GIFT_BASKET;SEASHELLS;69384;6
156400;;SUBMISSION;AMETHYSTS;SEASHELLS;10002;1
156600;;;ROSES;SEASHELLS;14167;2
156700;;;CHOCOLATE;SEASHELLS;7755;6
156800;;;STARFRUIT;SEASHELLS;4982;1
156800;;;STARFRUIT;SEASHELLS;4981;2
157100;;SUBMISSION;AMETHYSTS;SEASHELLS;10000;2
157300;;;STARFRUIT;SEASHELLS;4977;1
157400;;;CHOCOLATE;SEASHELLS;7756;9
157400;;;STRAWBERRIES;SEASHELLS;3967;5
157500;;SUBMISSION;STARFRUIT;SEASHELLS;4982;1
157500;;SUBMISSION;ORCHIDS;SEASHELLS;1067;100
157600;;;STRAWBERRIES;SEASHELLS;3968;8
157600;;;STRAWBERRIES;SEASHELLS;3969;4
157600;;;ROSES;SEASHELLS;14165;3
158000;;SUBMISSION;ORCHIDS;SEASHELLS;1068;100
158400;;SUBMISSION;ORCHIDS;SEASHELLS;1067;100
158400;;SUBMISSION;STARFRUIT;SEASHELLS;4983;1
158400;;;ROSES;SEASHELLS;14174;1
158500;SUBMISSION;;AMETHYSTS;SEASHELLS;9997;8
158600;;SUBMISSION;ORCHIDS;SEASHELLS;1067;6
158600;;SUBMISSION;ORCHIDS;SEASHELLS;1067;94
159000;;;ROSES;SEASHELLS;14175;3
159100;;SUBMISSION;ORCHIDS;SEASHELLS;1064;100
159200;;SUBMISSION;ORCHIDS;SEASHELLS;1064;100
159400;SUBMISSION;;STARFRUIT;SEASHELLS;4977;3
159400;;;STARFRUIT;SEASHELLS;4977;1
159400;;;STARFRUIT;SEASHELLS;4982;1
159400;;;STARFRUIT;SEASHELLS;4977;6
159400;;;STARFRUIT;SEASHELLS;4979;3
159400;;;STRAWBERRIES;SEASHELLS;3969;6
159500;;SUBMISSION;AMETHYSTS;SEASHELLS;10004;1
159500;;SUBMISSION;STARFRUIT;SEASHELLS;4982;1
159700;;SUBMISSION;STARFRUIT;SEASHELLS;4982;2
159700;;SUBMISSION;AMETHYSTS;SEASHELLS;10001;2
159800;SUBMISSION;;STARFRUIT;SEASHELLS;4977;3
159800;;SUBMISSION;STARFRUIT;SEASHELLS;4981;1
160000;;;CHOCOLATE;SEASHELLS;7760;8
160200;SUBMISSION;;AMETHYSTS;SEASHELLS;9999;5
160300;;SUBMISSION;STARFRUIT;SEASHELLS;4980;1
160400;;SUBMISSION;AMETHYSTS;SEASHELLS;10002;4
160800;;;STRAWBERRIES;SEASHELLS;3967;4
160900;;;GIFT_BASKET;SEASHELLS;69386;1
161000;;;CHOCOLATE;SEASHELLS;7760;6
161000;;SUBMISSION;STARFRUIT;SEASHELLS;4982;13
161100;;SUBMISSION;ORCHIDS;SEASHELLS;1069;100
161200;;SUBMISSION;ORCHIDS;SEASHELLS;1069;100
161200;SUBMISSION;;AMETHYSTS;SEASHELLS;9998;4
161300;;SUBMISSION;AMETHYSTS;SEASHELLS;10002;2
161500;;SUBMISSION;ORCHIDS;SEASHELLS;1070;2
161600;;SUBMISSION;ORCHIDS;SEASHELLS;1068;100
161600;;SUBMISSION;STARFRUIT;SEASHELLS;4982;1
161600;;;STARFRUIT;SEASHELLS;4982;3
161600;SUBMISSION;;AMETHYSTS;SEASHELLS;9998;1
161700;;;STRAWBERRIES;SEASHELLS;3966;4
161700;SUBMISSION;;AMETHYSTS;SEASHELLS;9998;1
161700;;;STARFRUIT;SEASHELLS;4977;1
161700;;;CHOCOLATE;SEASHELLS;7762;6
161800;;;STRAWBERRIES;SEASHELLS;3966;4
161900;;;CHOCOLATE;SEASHELLS;7763;5
161900;;;AMETHYSTS;SEASHELLS;9998;1
162100;SUBMISSION;;AMETHYSTS;SEASHELLS;9998;1
162200;SUBMISSION;;AMETHYSTS;SEASHELLS;9998;1
162300;;;STRAWBERRIES;SEASHELLS;3966;4
162300;;SUBMISSION;ORCHIDS;SEASHELLS;1068;100
162300;;SUBMISSION;AMETHYSTS;SEASHELLS;10004;8
162400;SUBMISSION;;STARFRUIT;SEASHELLS;4978;1
162400;SUBMISSION;;STARFRUIT;SEASHELLS;4978;12
162600;;;STARFRUIT;SEASHELLS;4977;1
162700;SUBMISSION;;AMETHYSTS;SEASHELLS;9998;10
162800;;SUBMISSION;ORCHIDS;SEASHELLS;1064;100
162900;;;STARFRUIT;SEASHELLS;4975;1
163100;;SUBMISSION;STARFRUIT;SEASHELLS;4980;1
163100;;SUBMISSION;AMETHYSTS;SEASHELLS;10000;6
163400;SUBMISSION;;AMETHYSTS;SEASHELLS;9998;1
163500;;SUBMISSION;AMETHYSTS;SEASHELLS;10003;1
163500;;SUBMISSION;STARFRUIT;SEASHELLS;4980;1
163600;;;ROSES;SEASHELLS;14140;3
163800;;SUBMISSION;STARFRUIT;SEASHELLS;4978;2
163800;;SUBMISSION;AMETHYSTS;SEASHELLS;10002;9
163800;;SUBMISSION;STARFRUIT;SEASHELLS;4979;9
164000;;SUBMISSION;AMETHYSTS;SEASHELLS;10003;8
164100;;SUBMISSION;AMETHYSTS;SEASHELLS;10002;1
164100;;SUBMISSION;GIFT_BASKET;SEASHELLS;69427;27
164100;;SUBMISSION;GIFT_BASKET;SEASHELLS;69428;15
164200;;SUBMISSION;GIFT_BASKET;SEASHELLS;69424;2
164200;;SUBMISSION;GIFT_BASKET;SEASHELLS;69422;29
164200;;SUBMISSION;GIFT_BASKET;SEASHELLS;69422;1
164200;;SUBMISSION;GIFT_BASKET;SEASHELLS;69423;11
164200;;;STARFRUIT;SEASHELLS;4976;3
164200;SUBMISSION;;STARFRUIT;SEASHELLS;4976;11
164300;;SUBMISSION;ORCHIDS;SEASHELLS;1063;5
164400;;;STARFRUIT;SEASHELLS;4978;6
164400;SUBMISSION;;AMETHYSTS;SEASHELLS;10000;6
164400;;SUBMISSION;ORCHIDS;SEASHELLS;1062;100
164400;SUBMISSION;;AMETHYSTS;SEASHELLS;9998;1
164800;;SUBMISSION;STARFRUIT;SEASHELLS;4980;1
165400;;;GIFT_BASKET;SEASHELLS;69450;1
165400;;;STARFRUIT;SEASHELLS;4978;3
165400;SUBMISSION;;STARFRUIT;SEASHELLS;4978;1
165400;;;GIFT_BASKET;SEASHELLS;69450;2
165600;;;STARFRUIT;SEASHELLS;4977;1
165700;;;ROSES;SEASHELLS;14152;2
165900;;;STRAWBERRIES;SEASHELLS;3966;5
165900;;;ROSES;SEASHELLS;14149;5
166000;;;GIFT_BASKET;SEASHELLS;69444;6
166000;SUBMISSION;;AMETHYSTS;SEASHELLS;9996;12
166100;;;CHOCOLATE;SEASHELLS;7762;8
166100;;SUBMISSION;STARFRUIT;SEASHELLS;4982;1
166200;;;ROSES;SEASHELLS;14149;1
166300;;SUBMISSION;STARFRUIT;SEASHELLS;4981;1
166300;SUBMISSION;;STARFRUIT;SEASHELLS;4977;6
166400;;;STRAWBERRIES;SEASHELLS;3966;10
166400;;SUBMISSION;AMETHYSTS;SEASHELLS;10003;11
166600;;;STARFRUIT;SEASHELLS;4977;1
166800;;;CHOCOLATE;SEASHELLS;7765;6
166800;;;ORCHIDS;SEASHELLS;1061;5
166800;;SUBMISSION;ORCHIDS;SEASHELLS;1062;3
166900;;;CHOCOLATE;SEASHELLS;7766;6
166900;;;STARFRUIT;SEASHELLS;4979;2
166900;SUBMISSION;;AMETHYSTS;SEASHELLS;10000;2
167000;;SUBMISSION;ORCHIDS;SEASHELLS;1063;6
167100;SUBMISSION;;STARFRUIT;SEASHELLS;4977;1
167100;;;STARFRUIT;SEASHELLS;4979;3
167100;;;CHOCOLATE;SEASHELLS;7765;8
167200;SUBMISSION;;AMETHYSTS;SEASHELLS;9999;1
167200;;;STARFRUIT;SEASHELLS;4976;1
167300;;SUBMISSION;ORCHIDS;SEASHELLS;1062;100
167300;;SUBMISSION;STARFRUIT;SEASHELLS;4982;1
167400;;SUBMISSION;AMETHYSTS;SEASHELLS;10002;1
167400;;SUBMISSION;ORCHIDS;SEASHELLS;1063;100
167600;;SUBMISSION;STARFRUIT;SEASHELLS;4982;1
167600;;SUBMISSION;STARFRUIT;SEASHELLS;4981;5
167900;;;STRAWBERRIES;SEASHELLS;3967;8
168000;;SUBMISSION;STARFRUIT;SEASHELLS;4980;5
168000;;SUBMISSION;STARFRUIT;SEASHELLS;4981;1
168100;;SUBMISSION;STARFRUIT;SEASHELLS;4981;1
168200;SUBMISSION;;STARFRUIT;SEASHELLS;4977;2
168600;;SUBMISSION;STARFRUIT;SEASHELLS;4981;1
168800;SUBMISSION;;STARFRUIT;SEASHELLS;4977;8
168900;;;ROSES;SEASHELLS;14145;5
169000;;;CHOCOLATE;SEASHELLS;7760;7
169100;;;STRAWBERRIES;SEASHELLS;3966;7
169100;;SUBMISSION;STARFRUIT;SEASHELLS;4980;1
169100;;;AMETHYSTS;SEASHELLS;9998;1
169200;;SUBMISSION;ORCHIDS;SEASHELLS;1057;100
169300;;;GIFT_BASKET;SEASHELLS;69437;6
169300;;SUBMISSION;AMETHYSTS;SEASHELLS;10002;1
169300;;;GIFT_BASKET;SEASHELLS;69437;2
169400;SUBMISSION;;AMETHYSTS;SEASHELLS;9998;1
169800;SUBMISSION;;AMETHYSTS;SEASHELLS;9997;2
169800;;;ROSES;SEASHELLS;14151;5
169800;SUBMISSION;;STARFRUIT;SEASHELLS;4977;2
169900;SUBMISSION;;AMETHYSTS;SEASHELLS;9998;8
169900;;;STARFRUIT;SEASHELLS;4979;2
169900;;;AMETHYSTS;SEASHELLS;9998;2
170100;;;STARFRUIT;SEASHELLS;4979;1
170100;;;CHOCOLATE;SEASHELLS;7763;6
170100;;;STARFRUIT;SEASHELLS;4981;5
170200;;SUBMISSION;STARFRUIT;SEASHELLS;4983;1
170200;;SUBMISSION;AMETHYSTS;SEASHELLS;10004;1
170200;;;STRAWBERRIES;SEASHELLS;3967;10
170300;;SUBMISSION;ORCHIDS;SEASHELLS;1060;9
170300;;;STARFRUIT;SEASHELLS;4978;6
170300;SUBMISSION;;STARFRUIT;SEASHELLS;4978;5
170400;;;ROSES;SEASHELLS;14138;5
170500;;SUBMISSION;STARFRUIT;SEASHELLS;4981;2
170500;;SUBMISSION;AMETHYSTS;SEASHELLS;10001;2
170800;SUBMISSION;;AMETHYSTS;SEASHELLS;9997;12
171000;;SUBMISSION;AMETHYSTS;SEASHELLS;10002;4
171000;;;STRAWBERRIES;SEASHELLS;3968;7
171100;;;AMETHYSTS;SEASHELLS;9998;1
171100;;;STRAWBERRIES;SEASHELLS;3967;10
171300;;;ROSES;SEASHELLS;14132;2
171300;SUBMISSION;;STARFRUIT;SEASHELLS;4979;1
171300;SUBMISSION;;AMETHYSTS;SEASHELLS;9996;1
171300;SUBMISSION;;AMETHYSTS;SEASHELLS;9998;1
171400;;SUBMISSION;STARFRUIT;SEASHELLS;4982;1
171500;;SUBMISSION;STARFRUIT;SEASHELLS;4983;1
171500;SUBMISSION;;AMETHYSTS;SEASHELLS;9998;1
171600;;SUBMISSION;ORCHIDS;SEASHELLS;1058;100
171600;;;AMETHYSTS;SEASHELLS;10002;1
171600;;;AMETHYSTS;SEASHELLS;9998;5
171700;;SUBMISSION;STARFRUIT;SEASHELLS;4982;3
171800;;;CHOCOLATE;SEASHELLS;7759;8
171800;;;STARFRUIT;SEASHELLS;4978;1
171900;SUBMISSION;;STARFRUIT;SEASHELLS;4978;1
172000;SUBMISSION;;AMETHYSTS;SEASHELLS;9996;2
172000;;;CHOCOLATE;SEASHELLS;7761;6
172000;SUBMISSION;;STARFRUIT;SEASHELLS;4979;5
172000;;;STARFRUIT;SEASHELLS;4978;2
172000;;;STARFRUIT;SEASHELLS;4979;6
172100;;;CHOCOLATE;SEASHELLS;7764;8
172100;;;AMETHYSTS;SEASHELLS;10002;1
172100;;;STARFRUIT;SEASHELLS;4978;1
172100;;SUBMISSION;AMETHYSTS;SEASHELLS;10002;3
172300;;;STARFRUIT;SEASHELLS;4978;1
172400;;;STARFRUIT;SEASHELLS;4978;1
172500;;SUBMISSION;ORCHIDS;SEASHELLS;1060;100
172700;;;STARFRUIT;SEASHELLS;4980;1
172700;;;STARFRUIT;SEASHELLS;4983;1
172700;;;AMETHYSTS;SEASHELLS;10000;1
172800;SUBMISSION;;AMETHYSTS;SEASHELLS;9998;1
172900;;;CHOCOLATE;SEASHELLS;7761;5
172900;;SUBMISSION;ORCHIDS;SEASHELLS;1061;100
173000;;SUBMISSION;ORCHIDS;SEASHELLS;1064;8
173000;;;ROSES;SEASHELLS;14130;4
173100;;;ROSES;SEASHELLS;14126;4
173100;;;STRAWBERRIES;SEASHELLS;3969;8
173100;SUBMISSION;;AMETHYSTS;SEASHELLS;9998;1
173200;;;STRAWBERRIES;SEASHELLS;3969;7
173200;;SUBMISSION;AMETHYSTS;SEASHELLS;10002;1
173300;;;STARFRUIT;SEASHELLS;4978;1
173400;SUBMISSION;;AMETHYSTS;SEASHELLS;9998;2
173500;;;STRAWBERRIES;SEASHELLS;3968;5
173600;;;CHOCOLATE;SEASHELLS;7763;5
173600;;;STRAWBERRIES;SEASHELLS;3966;8
173900;;SUBMISSION;AMETHYSTS;SEASHELLS;10002;1
174000;;SUBMISSION;STARFRUIT;SEASHELLS;4983;1
174100;SUBMISSION;;AMETHYSTS;SEASHELLS;9998;1
174100;;;CHOCOLATE;SEASHELLS;7764;6
174100;;;STRAWBERRIES;SEASHELLS;3968;8
174300;;;AMETHYSTS;SEASHELLS;9998;1
174300;;;STRAWBERRIES;SEASHELLS;3967;5
174500;;;AMETHYSTS;SEASHELLS;9998;1
174500;SUBMISSION;;STARFRUIT;SEASHELLS;4977;1
174600;;;GIFT_BASKET;SEASHELLS;69492;1
174600;;;STRAWBERRIES;SEASHELLS;3968;10
174700;;;STRAWBERRIES;SEASHELLS;3969;6
174800;;SUBMISSION;STARFRUIT;SEASHELLS;4981;1
174800;;;CHOCOLATE;SEASHELLS;7761;5
174800;;;STARFRUIT;SEASHELLS;4976;2
174900;;SUBMISSION;ORCHIDS;SEASHELLS;1064;100
175000;;;GIFT_BASKET;SEASHELLS;69498;1
175000;;;ROSES;SEASHELLS;14127;5
175200;;SUBMISSION;STARFRUIT;SEASHELLS;4980;1
175200;;;GIFT_BASKET;SEASHELLS;69489;6
175300;;;ROSES;SEASHELLS;14120;4
175300;SUBMISSION;;STARFRUIT;SEASHELLS;4975;2
175400;;SUBMISSION;AMETHYSTS;SEASHELLS;10003;2
175400;;SUBMISSION;STARFRUIT;SEASHELLS;4980;2
175500;;;ROSES;SEASHELLS;14120;2
175500;;;AMETHYSTS;SEASHELLS;10002;1
175700;;SUBMISSION;STARFRUIT;SEASHELLS;4980;15
175700;;;CHOCOLATE;SEASHELLS;7759;4
175700;;;STARFRUIT;SEASHELLS;4975;1
175800;SUBMISSION;;STARFRUIT;SEASHELLS;4978;2
175800;;;STARFRUIT;SEASHELLS;4978;3
175900;;SUBMISSION;ORCHIDS;SEASHELLS;1066;100
175900;SUBMISSION;;STARFRUIT;SEASHELLS;4977;2
176200;;SUBMISSION;AMETHYSTS;SEASHELLS;10000;2
176300;;;CHOCOLATE;SEASHELLS;7759;5
176300;;;ROSES;SEASHELLS;14124;2
176300;;SUBMISSION;STARFRUIT;SEASHELLS;4981;6
176300;;SUBMISSION;AMETHYSTS;SEASHELLS;10002;10
176400;;SUBMISSION;AMETHYSTS;SEASHELLS;10002;1
176400;SUBMISSION;;STARFRUIT;SEASHELLS;4976;1
176500;;;CHOCOLATE;SEASHELLS;7757;7
176500;;SUBMISSION;STARFRUIT;SEASHELLS;4981;1
176600;;SUBMISSION;AMETHYSTS;SEASHELLS;10003;1
176600;;SUBMISSION;STARFRUIT;SEASHELLS;4981;1
176700;;SUBMISSION;ORCHIDS;SEASHELLS;1065;100
176900;;SUBMISSION;ORCHIDS;SEASHELLS;1066;100
177000;;SUBMISSION;ORCHIDS;SEASHELLS;1066;100
177300;;;CHOCOLATE;SEASHELLS;7759;8
177400;SUBMISSION;;AMETHYSTS;SEASHELLS;9998;1
177500;SUBMISSION;;STARFRUIT;SEASHELLS;4979;5
177500;;;STARFRUIT;SEASHELLS;4979;1
177500;;SUBMISSION;ORCHIDS;SEASHELLS;1067;100
177600;;;STRAWBERRIES;SEASHELLS;3966;7
177600;SUBMISSION;;AMETHYSTS;SEASHELLS;9999;2
177700;SUBMISSION;;AMETHYSTS;SEASHELLS;9998;3
177800;;SUBMISSION;AMETHYSTS;SEASHELLS;10002;12
177900;;SUBMISSION;AMETHYSTS;SEASHELLS;10002;1
178000;;;STARFRUIT;SEASHELLS;4980;2
178100;;;ROSES;SEASHELLS;14108;1
178300;;;CHOCOLATE;SEASHELLS;7756;10
178300;;SUBMISSION;STARFRUIT;SEASHELLS;4981;1
178300;;;ROSES;SEASHELLS;14105;2
178400;SUBMISSION;;AMETHYSTS;SEASHELLS;9997;1
178400;SUBMISSION;;STARFRUIT;SEASHELLS;4978;1
178500;SUBMISSION;;STARFRUIT;SEASHELLS;4978;10
178500;;;ROSES;SEASHELLS;14110;4
178700;;;STARFRUIT;SEASHELLS;4977;1
178800;;SUBMISSION;STARFRUIT;SEASHELLS;4981;2
179000;;;STARFRUIT;SEASHELLS;4977;1
179200;;;CHOCOLATE;SEASHELLS;7758;6
179200;;;AMETHYSTS;SEASHELLS;9998;1
179400;;SUBMISSION;ORCHIDS;SEASHELLS;1075;100
179600;;;AMETHYSTS;SEASHELLS;10002;1
179600;;;STARFRUIT;SEASHELLS;4982;1
179800;;;STRAWBERRIES;SEASHELLS;3966;7
179900;;SUBMISSION;AMETHYSTS;SEASHELLS;10002;9
180400;;SUBMISSION;ORCHIDS;SEASHELLS;1075;4
180500;;;STRAWBERRIES;SEASHELLS;3966;6
180600;;SUBMISSION;ORCHIDS;SEASHELLS;1077;5
180600;SUBMISSION;;STARFRUIT;SEASHELLS;4977;2
180700;SUBMISSION;;STARFRUIT;SEASHELLS;4976;5
180700;;;STARFRUIT;SEASHELLS;4976;1
180700;;;STARFRUIT;SEASHELLS;4976;4
180900;;SUBMISSION;AMETHYSTS;SEASHELLS;10003;6
181100;;;STRAWBERRIES;SEASHELLS;3964;5
181100;;SUBMISSION;ORCHIDS;SEASHELLS;1075;100
181200;;SUBMISSION;ORCHIDS;SEASHELLS;1075;8
181200;;SUBMISSION;AMETHYSTS;SEASHELLS;10004;3
181200;;;STARFRUIT;SEASHELLS;4977;6
181300;;SUBMISSION;ORCHIDS;SEASHELLS;1076;100
181300;;;STARFRUIT;SEASHELLS;4979;1
181300;;;AMETHYSTS;SEASHELLS;10000;1
181500;;SUBMISSION;STARFRUIT;SEASHELLS;4982;10
181500;;;ROSES;SEASHELLS;14101;4
181600;SUBMISSION;;AMETHYSTS;SEASHELLS;9998;1
181800;SUBMISSION;;STARFRUIT;SEASHELLS;4977;2
181800;SUBMISSION;;AMETHYSTS;SEASHELLS;9996;2
181800;;SUBMISSION;STARFRUIT;SEASHELLS;4982;10
181900;SUBMISSION;;AMETHYSTS;SEASHELLS;9997;3
181900;;SUBMISSION;STARFRUIT;SEASHELLS;4981;1
181900;;;ROSES;SEASHELLS;14100;2
182000;;SUBMISSION;AMETHYSTS;SEASHELLS;10002;4
182100;;;AMETHYSTS;SEASHELLS;10002;1
182100;;SUBMISSION;STARFRUIT;SEASHELLS;4981;1
182100;;;STARFRUIT;SEASHELLS;4976;1
182300;;SUBMISSION;AMETHYSTS;SEASHELLS;10002;2
182400;;;STRAWBERRIES;SEASHELLS;3964;9
182500;;;GIFT_BASKET;SEASHELLS;69364;1
182700;SUBMISSION;;AMETHYSTS;SEASHELLS;9999;2
182700;SUBMISSION;;STARFRUIT;SEASHELLS;4979;2
182700;;SUBMISSION;ORCHIDS;SEASHELLS;1076;5
182800;;;STARFRUIT;SEASHELLS;4978;1
182900;SUBMISSION;;AMETHYSTS;SEASHELLS;9998;11
183000;;;CHOCOLATE;SEASHELLS;7758;7
183200;;;CHOCOLATE;SEASHELLS;7757;10
183200;;;STARFRUIT;SEASHELLS;4977;1
183500;SUBMISSION;;STARFRUIT;SEASHELLS;4980;1
183500;SUBMISSION;;AMETHYSTS;SEASHELLS;9997;1
183600;;;STRAWBERRIES;SEASHELLS;3964;8
183700;;;STARFRUIT;SEASHELLS;4978;1
183800;;;STARFRUIT;SEASHELLS;4978;1
183900;;;ROSES;SEASHELLS;14084;2
183900;;;CHOCOLATE;SEASHELLS;7757;7
183900;;SUBMISSION;ORCHIDS;SEASHELLS;1077;100
183900;;SUBMISSION;STARFRUIT;SEASHELLS;4983;8
184100;;;AMETHYSTS;SEASHELLS;10002;1
184200;SUBMISSION;;STARFRUIT;SEASHELLS;4978;1
184300;SUBMISSION;;AMETHYSTS;SEASHELLS;9998;1
184400;;;CHOCOLATE;SEASHELLS;7753;5
184600;;;STRAWBERRIES;SEASHELLS;3965;8
184700;SUBMISSION;;AMETHYSTS;SEASHELLS;9998;6
184700;;;ROSES;SEASHELLS;14100;5
184800;;;CHOCOLATE;SEASHELLS;7754;10
184900;;;GIFT_BASKET;SEASHELLS;69379;2
184900;;;GIFT_BASKET;SEASHELLS;69378;1
185000;;;ROSES;SEASHELLS;14103;2
185100;;;STRAWBERRIES;SEASHELLS;3962;6
185100;;SUBMISSION;STARFRUIT;SEASHELLS;4983;5
185200;;SUBMISSION;STARFRUIT;SEASHELLS;4983;1
185200;;;ROSES;SEASHELLS;14099;1
185300;;;STARFRUIT;SEASHELLS;4983;1
185500;;;CHOCOLATE;SEASHELLS;7755;6
185600;;SUBMISSION;ORCHIDS;SEASHELLS;1074;100
185600;SUBMISSION;;STARFRUIT;SEASHELLS;4980;4
185600;;SUBMISSION;STARFRUIT;SEASHELLS;4984;10
185600;;;GIFT_BASKET;SEASHELLS;69394;2
185700;SUBMISSION;;AMETHYSTS;SEASHELLS;9998;2
185800;;;STARFRUIT;SEASHELLS;4983;1
185900;;;STARFRUIT;SEASHELLS;4983;1
186100;;;AMETHYSTS;SEASHELLS;9998;1
186100;;;STRAWBERRIES;SEASHELLS;3964;8
186100;SUBMISSION;;AMETHYSTS;SEASHELLS;9998;1
186200;;SUBMISSION;ORCHIDS;SEASHELLS;1075;100
186200;;SUBMISSION;AMETHYSTS;SEASHELLS;10002;1
186300;;SUBMISSION;ORCHIDS;SEASHELLS;1075;100
186300;SUBMISSION;;AMETHYSTS;SEASHELLS;9998;7
186400;;;STARFRUIT;SEASHELLS;4979;1
186700;SUBMISSION;;STARFRUIT;SEASHELLS;4980;2
186700;SUBMISSION;;AMETHYSTS;SEASHELLS;9996;2
186900;SUBMISSION;;STARFRUIT;SEASHELLS;4982;6
187000;;SUBMISSION;ORCHIDS;SEASHELLS;1073;6
187000;;;ROSES;SEASHELLS;14106;5
187000;;;STARFRUIT;SEASHELLS;4984;2
187100;;;STARFRUIT;SEASHELLS;4984;8
187100;;;STARFRUIT;SEASHELLS;4984;3
187200;;SUBMISSION;AMETHYSTS;SEASHELLS;10002;1
187400;;SUBMISSION;AMETHYSTS;SEASHELLS;10002;2
187600;;SUBMISSION;AMETHYSTS;SEASHELLS;10002;11
187700;;SUBMISSION;STARFRUIT;SEASHELLS;4985;1
187700;;;STRAWBERRIES;SEASHELLS;3964;10
187800;SUBMISSION;;AMETHYSTS;SEASHELLS;9998;1
187800;;;ROSES;SEASHELLS;14105;8
187900;;;ROSES;SEASHELLS;14106;5
188000;;;AMETHYSTS;SEASHELLS;9998;2
188200;SUBMISSION;;AMETHYSTS;SEASHELLS;9998;1
188300;SUBMISSION;;STARFRUIT;SEASHELLS;4983;5
188500;;SUBMISSION;AMETHYSTS;SEASHELLS;10002;1
188600;SUBMISSION;;AMETHYSTS;SEASHELLS;9998;1
188700;;;AMETHYSTS;SEASHELLS;9998;1
188700;SUBMISSION;;STARFRUIT;SEASHELLS;4981;6
188700;SUBMISSION;;AMETHYSTS;SEASHELLS;9998;1
188700;;;CHOCOLATE;SEASHELLS;7766;7
188800;SUBMISSION;;STARFRUIT;SEASHELLS;4982;3
188800;;;STARFRUIT;SEASHELLS;4982;1
188900;;SUBMISSION;STARFRUIT;SEASHELLS;4986;7
189000;SUBMISSION;;AMETHYSTS;SEASHELLS;9999;2
189000;SUBMISSION;;STARFRUIT;SEASHELLS;4982;4
189100;;;STARFRUIT;SEASHELLS;4986;1
189100;SUBMISSION;;STARFRUIT;SEASHELLS;4983;2
189200;;;ROSES;SEASHELLS;14100;4
189300;;SUBMISSION;STARFRUIT;SEASHELLS;4987;1
189400;;;CHOCOLATE;SEASHELLS;7768;7
189400;;;STRAWBERRIES;SEASHELLS;3966;7
189700;;SUBMISSION;STARFRUIT;SEASHELLS;4986;1
189700;;SUBMISSION;AMETHYSTS;SEASHELLS;10002;1
189800;;;STRAWBERRIES;SEASHELLS;3964;8
189800;;SUBMISSION;ORCHIDS;SEASHELLS;1076;100
189800;;;STARFRUIT;SEASHELLS;4987;1
189900;;SUBMISSION;AMETHYSTS;SEASHELLS;10002;8
190200;;;GIFT_BASKET;SEASHELLS;69418;6
190200;;;GIFT_BASKET;SEASHELLS;69418;1
190200;;;STRAWBERRIES;SEASHELLS;3965;4
190300;;;GIFT_BASKET;SEASHELLS;69413;1
190400;SUBMISSION;;AMETHYSTS;SEASHELLS;9998;2
190500;;;ROSES;SEASHELLS;14099;3
190500;SUBMISSION;;STARFRUIT;SEASHELLS;4982;7
190600;;;GIFT_BASKET;SEASHELLS;69400;2
190600;;;CHOCOLATE;SEASHELLS;7760;6
190900;SUBMISSION;;STARFRUIT;SEASHELLS;4983;4
190900;;SUBMISSION;ORCHIDS;SEASHELLS;1083;100
191100;;;STRAWBERRIES;SEASHELLS;3969;10
191200;;SUBMISSION;ORCHIDS;SEASHELLS;1084;100
191200;SUBMISSION;;AMETHYSTS;SEASHELLS;9998;11
191300;;;STARFRUIT;SEASHELLS;4980;1
191400;SUBMISSION;;AMETHYSTS;SEASHELLS;9997;7
191400;;SUBMISSION;STARFRUIT;SEASHELLS;4984;2
191500;;SUBMISSION;STARFRUIT;SEASHELLS;4987;1
191500;;SUBMISSION;AMETHYSTS;SEASHELLS;10003;1
191500;;SUBMISSION;ORCHIDS;SEASHELLS;1087;5
191500;;;STRAWBERRIES;SEASHELLS;3970;5
191600;;;ROSES;SEASHELLS;14096;2
191600;;SUBMISSION;STARFRUIT;SEASHELLS;4986;2
191600;;;STARFRUIT;SEASHELLS;4986;1
191700;;SUBMISSION;STARFRUIT;SEASHELLS;4986;1
191800;;;STRAWBERRIES;SEASHELLS;3968;8
191800;;SUBMISSION;ORCHIDS;SEASHELLS;1086;100
192000;;SUBMISSION;ORCHIDS;SEASHELLS;1089;100
192000;;;ROSES;SEASHELLS;14106;5
192100;;;STARFRUIT;SEASHELLS;4981;1
192200;;SUBMISSION;ORCHIDS;SEASHELLS;1092;2
192200;;;AMETHYSTS;SEASHELLS;10002;1
192300;;;STARFRUIT;SEASHELLS;4982;1
192500;SUBMISSION;;STARFRUIT;SEASHELLS;4981;9
192600;;;AMETHYSTS;SEASHELLS;10002;2
192600;;;AMETHYSTS;SEASHELLS;10002;1
192600;;SUBMISSION;AMETHYSTS;SEASHELLS;10002;1
192700;;;ROSES;SEASHELLS;14111;5
192700;;;STARFRUIT;SEASHELLS;4982;2
192800;;;STARFRUIT;SEASHELLS;4981;1
192800;;;STRAWBERRIES;SEASHELLS;3968;3
192900;SUBMISSION;;AMETHYSTS;SEASHELLS;9996;1
192900;;;STARFRUIT;SEASHELLS;4982;1
192900;;;STARFRUIT;SEASHELLS;4983;1
193000;;SUBMISSION;AMETHYSTS;SEASHELLS;10002;1
193200;;;AMETHYSTS;SEASHELLS;9998;1
193300;;;STRAWBERRIES;SEASHELLS;3970;9
193400;;;CHOCOLATE;SEASHELLS;7755;5
193600;SUBMISSION;;AMETHYSTS;SEASHELLS;9998;1
193600;;;STARFRUIT;SEASHELLS;4985;1
193600;;;AMETHYSTS;SEASHELLS;9998;1
193700;;SUBMISSION;AMETHYSTS;SEASHELLS;10002;1
193800;;;AMETHYSTS;SEASHELLS;9997;4
193800;SUBMISSION;;AMETHYSTS;SEASHELLS;9997;8
194000;SUBMISSION;;STARFRUIT;SEASHELLS;4981;1
194000;;;ROSES;SEASHELLS;14110;3
194000;;;STRAWBERRIES;SEASHELLS;3968;4
194100;;SUBMISSION;STARFRUIT;SEASHELLS;4986;13
194300;;;STRAWBERRIES;SEASHELLS;3967;8
194300;;;AMETHYSTS;SEASHELLS;9998;6
194400;;SUBMISSION;ORCHIDS;SEASHELLS;1088;100
194500;;SUBMISSION;STARFRUIT;SEASHELLS;4984;5
194500;;SUBMISSION;AMETHYSTS;SEASHELLS;10002;1
194500;;;ROSES;SEASHELLS;14109;4
194800;;;CHOCOLATE;SEASHELLS;7753;7
194800;;SUBMISSION;AMETHYSTS;SEASHELLS;10002;1
195000;SUBMISSION;;AMETHYSTS;SEASHELLS;9997;2
195200;SUBMISSION;;STARFRUIT;SEASHELLS;4982;3
195400;;;CHOCOLATE;SEASHELLS;7753;5
195700;;;ROSES;SEASHELLS;14106;2
195700;;;AMETHYSTS;SEASHELLS;9998;1
195700;;SUBMISSION;ORCHIDS;SEASHELLS;1082;5
195800;;;AMETHYSTS;SEASHELLS;9998;1
196000;;SUBMISSION;STARFRUIT;SEASHELLS;4983;1
196100;;SUBMISSION;STARFRUIT;SEASHELLS;4982;1
196100;;SUBMISSION;AMETHYSTS;SEASHELLS;10003;1
196200;SUBMISSION;;AMETHYSTS;SEASHELLS;9998;1
196300;;SUBMISSION;AMETHYSTS;SEASHELLS;10002;2
196300;;SUBMISSION;ORCHIDS;SEASHELLS;1079;100
196400;;SUBMISSION;STARFRUIT;SEASHELLS;4982;1
196500;;SUBMISSION;AMETHYSTS;SEASHELLS;10002;1
196600;;;GIFT_BASKET;SEASHELLS;69350;1
196700;;;STRAWBERRIES;SEASHELLS;3964;5
196700;;;AMETHYSTS;SEASHELLS;9998;4
196800;;SUBMISSION;AMETHYSTS;SEASHELLS;10002;3
196800;;SUBMISSION;ORCHIDS;SEASHELLS;1080;7
196800;SUBMISSION;;STARFRUIT;SEASHELLS;4978;9
197000;;;ROSES;SEASHELLS;14104;5
197100;;;STRAWBERRIES;SEASHELLS;3963;6
197100;;SUBMISSION;AMETHYSTS;SEASHELLS;10002;1
197100;;;STARFRUIT;SEASHELLS;4976;1
197100;SUBMISSION;;STARFRUIT;SEASHELLS;4977;2
197100;SUBMISSION;;AMETHYSTS;SEASHELLS;9997;2
197200;;SUBMISSION;STARFRUIT;SEASHELLS;4981;1
197200;;;STRAWBERRIES;SEASHELLS;3963;7
197400;;SUBMISSION;AMETHYSTS;SEASHELLS;10002;1
197400;;SUBMISSION;STARFRUIT;SEASHELLS;4982;1
197500;;SUBMISSION;STARFRUIT;SEASHELLS;4983;2
197500;;SUBMISSION;AMETHYSTS;SEASHELLS;10003;2
197500;;;CHOCOLATE;SEASHELLS;7749;6
197500;;SUBMISSION;ORCHIDS;SEASHELLS;1081;100
197500;;;ROSES;SEASHELLS;14097;5
197600;SUBMISSION;;AMETHYSTS;SEASHELLS;9998;1
197700;;SUBMISSION;ORCHIDS;SEASHELLS;1083;100
197700;;;STARFRUIT;SEASHELLS;4977;1
197900;;;STRAWBERRIES;SEASHELLS;3962;6
198000;;SUBMISSION;AMETHYSTS;SEASHELLS;10002;6
198100;;SUBMISSION;AMETHYSTS;SEASHELLS;10002;1
198300;;SUBMISSION;STARFRUIT;SEASHELLS;4984;2
198300;;SUBMISSION;AMETHYSTS;SEASHELLS;10004;2
198400;;SUBMISSION;STARFRUIT;SEASHELLS;4984;1
198500;;SUBMISSION;ORCHIDS;SEASHELLS;1085;9
198600;;SUBMISSION;ORCHIDS;SEASHELLS;1085;100
198700;;SUBMISSION;ORCHIDS;SEASHELLS;1086;100
198800;;;STRAWBERRIES;SEASHELLS;3962;6
199000;SUBMISSION;;STARFRUIT;SEASHELLS;4982;2
199100;;SUBMISSION;STARFRUIT;SEASHELLS;4985;1
199100;SUBMISSION;;AMETHYSTS;SEASHELLS;9998;1
199400;;;STRAWBERRIES;SEASHELLS;3964;8
199400;;;CHOCOLATE;SEASHELLS;7744;7
199600;;;CHOCOLATE;SEASHELLS;7743;10
199600;;SUBMISSION;STARFRUIT;SEASHELLS;4984;15
199800;;;STARFRUIT;SEASHELLS;4978;1
199900;SUBMISSION;;STARFRUIT;SEASHELLS;4979;1
199900;SUBMISSION;;STARFRUIT;SEASHELLS;4980;5
199900;;;CHOCOLATE;SEASHELLS;7743;6
200000;SUBMISSION;;STARFRUIT;SEASHELLS;4981;4
200100;;SUBMISSION;ORCHIDS;SEASHELLS;1077;100
200200;;;CHOCOLATE;SEASHELLS;7742;4
200200;SUBMISSION;;STARFRUIT;SEASHELLS;4981;2
200300;;SUBMISSION;ORCHIDS;SEASHELLS;1076;5
200300;;;STRAWBERRIES;SEASHELLS;3963;12
200700;;SUBMISSION;AMETHYSTS;SEASHELLS;10002;1
200700;;;ROSES;SEASHELLS;14091;5
201100;SUBMISSION;;STARFRUIT;SEASHELLS;4979;13
201200;;SUBMISSION;AMETHYSTS;SEASHELLS;10004;8
201200;;;AMETHYSTS;SEASHELLS;9998;3
201300;;SUBMISSION;STARFRUIT;SEASHELLS;4983;9
201300;;;CHOCOLATE;SEASHELLS;7743;5
201300;;;STRAWBERRIES;SEASHELLS;3962;10
201400;;;STRAWBERRIES;SEASHELLS;3961;6
201400;;SUBMISSION;STARFRUIT;SEASHELLS;4983;1
201600;;SUBMISSION;AMETHYSTS;SEASHELLS;10003;1
201600;;SUBMISSION;ORCHIDS;SEASHELLS;1075;100
201600;;;CHOCOLATE;SEASHELLS;7742;7
201600;;SUBMISSION;STARFRUIT;SEASHELLS;4983;1
201700;;;CHOCOLATE;SEASHELLS;7744;5
201700;;;AMETHYSTS;SEASHELLS;9998;1
201700;SUBMISSION;;AMETHYSTS;SEASHELLS;9998;3
201800;SUBMISSION;;AMETHYSTS;SEASHELLS;9998;2
201800;;;ROSES;SEASHELLS;14105;5
202000;;;STARFRUIT;SEASHELLS;4978;1
202300;SUBMISSION;;AMETHYSTS;SEASHELLS;9998;1
202400;;;GIFT_BASKET;SEASHELLS;69238;3
202400;;;GIFT_BASKET;SEASHELLS;69239;2
202400;;SUBMISSION;STARFRUIT;SEASHELLS;4984;1
202700;;SUBMISSION;STARFRUIT;SEASHELLS;4984;12
202700;;;CHOCOLATE;SEASHELLS;7739;7
202800;;SUBMISSION;ORCHIDS;SEASHELLS;1069;100
202900;;;STRAWBERRIES;SEASHELLS;3965;5
203100;SUBMISSION;;AMETHYSTS;SEASHELLS;9998;5
203200;;;STRAWBERRIES;SEASHELLS;3966;6
203300;;;GIFT_BASKET;SEASHELLS;69236;2
203300;;;GIFT_BASKET;SEASHELLS;69237;1
203400;;SUBMISSION;STARFRUIT;SEASHELLS;4983;10
203400;SUBMISSION;;AMETHYSTS;SEASHELLS;9998;1
203400;;;ROSES;SEASHELLS;14100;3
203400;;;STARFRUIT;SEASHELLS;4983;1
203500;;;STARFRUIT;SEASHELLS;4978;1
203500;;;ROSES;SEASHELLS;14107;1
203700;SUBMISSION;;STARFRUIT;SEASHELLS;4979;2
203700;SUBMISSION;;AMETHYSTS;SEASHELLS;9997;2
204000;;;AMETHYSTS;SEASHELLS;10002;1
204000;;SUBMISSION;ORCHIDS;SEASHELLS;1066;100
